@misc {pism-web-page,
  AUTHOR = {the PISM authors},
   TITLE = {{PISM}, a {P}arallel {I}ce {S}heet {M}odel},
     URL = {http://www.pism-docs.org},
    YEAR = {2015},
}

@article {BBssasliding,
  AUTHOR = {E. Bueler and J. Brown},
   TITLE = {Shallow shelf approximation as a "sliding law" in a
            thermodynamically coupled ice sheet model},
 JOURNAL = {J. Geophys. Res.},
  VOLUME = {114},
     DOI = {10.1029/2008JF001179},
    YEAR = {2009},
     URL = {http://www.agu.org/pubs/crossref/2009/2008JF001179.shtml},
}

@article {Winkelmannetal2011,
  AUTHOR = {Winkelmann, R. and Martin, M. A. and Haseloff, M. and Albrecht, T.
            and Bueler, E. and Khroulev, C. and Levermann, A.},
   TITLE = {The {P}otsdam {P}arallel {I}ce {S}heet {M}odel ({PISM-PIK})
            {P}art 1: {M}odel description},
 JOURNAL = {The Cryosphere},
  VOLUME = {5},
    YEAR = {2011},
   PAGES = {715--726},
     URL = {http://www.the-cryosphere.net/5/715/2011/tc-5-715-2011.pdf},
}
