@techreport {AIAAGuidelines,
    AUTHOR = {AIAA},
     TITLE = {Guide for the {V}erification and {V}alidation of {C}omputational
              {F}luid {D}ynamics {S}imulations},
INSTITUTION = {American Institute of Aeronautics and Astronautics (AIAA)},
    NUMBER = {AIAA G-077-1998},
      YEAR = {1998},
}

@article {ASMEJFE,
    AUTHOR = {P. J. Roache and K. Ghia and F. White},
     TITLE = {Editorial policy statement on the control of numerical accuracy},
      YEAR = {1986},
   JOURNAL = {ASME Journal of Fluids Engineering},
    VOLUME = {108},
    NUMBER = {1},
     PAGES = {2},
}


@book {AbramowitzStegun,
    EDITOR = {M. Abramowitz and I. A. Stegun},
     TITLE = {Handbook of {M}athematical {F}unctions, with {F}ormulas, {G}raphs,
              and {M}athematical {T}ables},
    SERIES = {Graduate Studies in Mathematics},
 PUBLISHER = {Dover},
   ADDRESS = {New York},
      YEAR = {1965},
}


@book {Acheson,
     TITLE = {Elementary {F}luid {D}ynamics},
    AUTHOR = {D. J. Acheson},
 PUBLISHER = {Oxford University Press},
   ADDRESS = {Oxford},
      YEAR = {1990},
}


@Article{Adalgeirsdottiretal2014,
AUTHOR = {Adalgeirsdottir, G and Aschwanden, A. and Khroulev, C. and Boberg, F. and Mottram, R. and Lucas-Picher, P. and Christensen, J. H.},
TITLE = {Role of model initialization for projections of 21st-century Greenland ice sheet mass loss},
JOURNAL = {J. Glaciol.},
VOLUME = {60},
NUMBER = {222},
PAGES = {782--794},
DOI = {10.3189/2014JoG13J202},
YEAR = {2014},
}


@article{AlbrechtLevermann2012,
 author = {Albrecht, T. and Levermann, A.},
  title = {Fracture field for large-scale ice dynamics},
   year = {2012},
journal = {J. Glaciol.},
 volume = {58},
 number = {207},
    doi = {10.3189/2012JoG11J191},
  pages = {165--176},
}


@Article{AlbrechtLevermann2014adjacent,
AUTHOR = {Albrecht, T. and Levermann, A.},
TITLE = {Spontaneous ice-front retreat induced by disintegration of adjacent ice shelf in Antarctica},
JOURNAL = {Earth Planet. Sci. Lett.},
volume = {393},
pages = {26--30},
doi = {10.1016/j.epsl.2014.02.034},
YEAR = {2014},
}


@Article{AlbrechtLevermann2014softening,
AUTHOR = {Albrecht, T. and Levermann, A.},
TITLE = {Fracture-induced softening for large-scale ice  dynamics},
JOURNAL = {The Cryosphere},
VOLUME = {8},
YEAR = {2014},
NUMBER = {2},
PAGES = {587--605},
URL = {https://www.the-cryosphere.net/8/587/2014/},
DOI = {10.5194/tc-8-587-2014},
}


@article {Albrechtetal2011,
    AUTHOR = {Albrecht, T. and M. Martin and M. Haseloff and R. Winkelmann and A. Levermann},
     TITLE = {Parameterization for subgrid-scale motion of ice-shelf calving fronts},
   JOURNAL = {The Cryosphere},
    VOLUME = {5},
      YEAR = {2011},
     PAGES = {35--44},
}


@article {AlonsoSantillanaDawson,
    AUTHOR = {Alonso, R. and M. Santillana and C. Dawson},
     TITLE = {On the diffusive wave approximation of the shallow water equations},
   JOURNAL = {Eur. J. Appl. Math.},
      VOLUME = {19},
      NUMBER = {5},
      YEAR = {2008},
      PAGES = {575--606},
}


@article {Amundsonetal2010,
    AUTHOR = {Amundson, J. M. and M. Fahnestock and M. Truffer and J. Brown
              and M. P. L\"uthi and R. J. Motyka},
     TITLE = {Ice m\'elange dynamics and implications for terminus stability,
              {J}akobshavn {I}sbrae, {G}reenland},
   JOURNAL = {J. Geophys. Res.},
    VOLUME = {115},
      NOTE = {F01005},
       DOI = {10.1029/2009JF001405},
      YEAR = {2010},
}


@book {AscherPetzold,
    AUTHOR = {Ascher, U. and L. Petzold},
     TITLE = {Computer {M}ethods for {O}rdinary {D}ifferential {E}quations and
              {D}ifferential-algebraic {E}quations},
 PUBLISHER = {SIAM Press},
   ADDRESS = {Philadelphia, PA},
      YEAR = {1998},
}


@article {AschwandenAdalgeirsdottirKhroulev,
    AUTHOR = {A. Aschwanden and G. Adalgeirsd{\'o}ttir and C. Khroulev},
     TITLE = {Hindcasting to measure ice sheet model sensitivity to initial states},
   JOURNAL = {The Cryosphere},
    VOLUME = {7},
      YEAR = {2013},
     PAGES = {1083--1093},
       DOI = {10.5194/tc-7-1083-2013},
}


@article {AschwandenBlatter,
    AUTHOR = {A. Aschwanden and H. Blatter},
     TITLE = {Mathematical modeling and numerical simulation of polythermal
              glaciers},
   JOURNAL = {J. Geophys. Res.},
    VOLUME = {114},
      NOTE = {F01027},
       DOI = {10.1029/2008JF001028},
      YEAR = {2009},
}


@article {AschwandenBlatter2005,
    AUTHOR = {A. Aschwanden and H. Blatter},
     TITLE = {Meltwater production due to strain heating in
              {S}torglaci\"aren, {S}weden},
   JOURNAL = {J. Geophys. Res.},
    VOLUME = {110},
      NOTE = {F04024, doi:10.1029/2005JF000328},
      YEAR = {2005},
}


@article {AschwandenBuelerKhroulevBlatter,
    AUTHOR = {A. Aschwanden and E. Bueler and C. Khroulev and H. Blatter},
     TITLE = {An enthalpy formulation for glaciers and ice sheets},
   JOURNAL = {J. Glaciol.},
    VOLUME = {58},
    NUMBER = {209},
      YEAR = {2012},
     PAGES = {441--457},
       DOI = {10.3189/2012JoG11J088},
}


@unpublished {BB,
    AUTHOR = {E. Bueler and J. Brown},
     TITLE = {On exact solutions and numerics for cold, shallow, and thermocoupled
              ice sheets},
      NOTE = {preprint \texttt{arXiv:physics/0610106}},
      YEAR = {2006},
}

@article {BBL,
    AUTHOR = {E. Bueler and J. Brown and C. Lingle},
     TITLE = {Exact solutions to the thermomechanically coupled shallow ice approximation:
              effective tools for verification},
   JOURNAL = {J. Glaciol.},
    VOLUME = {53},
    NUMBER = {182},
     PAGES = {499--516},
      YEAR = {2007},
}


@article {BBssasliding,
    AUTHOR = {E. Bueler and J. Brown},
     TITLE = {Shallow shelf approximation as a ``sliding law'' in a
              thermodynamically coupled ice sheet model},
   JOURNAL = {J. Geophys. Res.},
    VOLUME = {114},
      NOTE = {F03008, doi:10.1029/2008JF001179},
      YEAR = {2009},
}


@article {BEDMAP01,
    AUTHOR = {M. B. Lythe and D. G. Vaughan},
     TITLE = {{BEDMAP}: A new ice thickness and subglacial topographic model
              of {A}ntarctica},
   JOURNAL = {J. Geophys. Res.},
    VOLUME = {106},
    NUMBER = {B6},
     PAGES = {11335--11351},
      YEAR = {2001},
}


@unpublished{BKAJS,
   AUTHOR = {Ed Bueler and Constantine Khroulev and Andy Aschwanden
             and Ian Joughin and Ben E. Smith},
    TITLE = {Modeled and observed fast flow in the {G}reenland ice sheet},
     YEAR = {2009},
     NOTE = {submitted},
}


@unpublished {BLK2006earth,
    AUTHOR = {E. Bueler and C. S. Lingle and J. A. Kallen-Brown},
     TITLE = {Computation of a combined spherical-elastic and viscous-half-space
              {E}arth model for ice sheet simulation},
      NOTE = {preprint \texttt{arXiv:physics/0606074}},
      YEAR = {2006},
}


@article {BLKCB,
    AUTHOR = {E. Bueler and C. S. Lingle and J. A. Kallen-Brown and
              D. N. Covey and L. N. Bowman},
     TITLE = {Exact solutions and numerical verification
              for isothermal ice sheets},
   JOURNAL = {J. Glaciol.},
    VOLUME = {51},
    NUMBER = {173},
     PAGES = {291--306},
      YEAR = {2005},
}


@article {BLKfastearth,
    AUTHOR = {E. Bueler and C. S. Lingle and J. A. Kallen-Brown},
     TITLE = {Fast computation of a viscoelastic deformable {E}arth model for
              ice sheet simulation},
   JOURNAL = {Ann. Glaciol.},
    VOLUME = {46},
     PAGES = {97--105},
      YEAR = {2007},
}


@book {Bak,
    AUTHOR = {P. Bak},
     TITLE = {How nature works: the science of self-organized criticality},
 PUBLISHER = {Springer},
      YEAR = {1999},
}
%AUTHOR = {Bamber, J. L. and Griggs, J. A. and Hurkmans, R. T. W. L. and Dowdeswell, J. A. and Gogineni, S. P. and Howat, I. and Mouginot, J. and Paden, J. and Palmer, S. and Rignot, E. and Steinhage, D.},


@phdthesis{Bakerthesis2012,
  author = {N. Baker},
   title = {The influence of subglacial hydrology on the flow of {W}est
            {A}ntarctic ice streams},
  school = {Trinity College, Scott Polar Research Institute, University of Cambridge},
    year = {2012},
}


@article{Balesetal2001,
	Author = {Bales, R.C. and McConnell, J.R. and Mosley-Thompson, E. and Lamorey, G.},
	Journal = {Geophys. Res. Lett},
        URL = {https://agupubs.onlinelibrary.wiley.com/doi/pdf/10.1029/2000GL012052},
	Number = {15},
	Pages = {2967--2970},
	Title = {Accumulation map for the {G}reenland {I}ce {S}heet: 1971-1990},
	Volume = {28},
	Year = {2001},
}


@article {BaliseRaymond1985,
    AUTHOR = {M. Balise and C. Raymond},
     TITLE = {Transfer of basal sliding variations to the surface of a
              linearly-viscous glacier},
   JOURNAL = {J. Glaciol.},
    VOLUME = {31},
    NUMBER = {109},
      YEAR = {1985},
     PAGES = {308--318},
}


@article{BamberLayberryGogenini,
	Author = {J.L. Bamber and R.L. Layberry and S.P. Gogenini},
	fJournal = {Journal of Geophysical Research},
        JOURNAL = {J. Geophys. Res.},
	Pages = {33,773--33,780},
	Title = {A new ice thickness and bed data set for the {G}reenland
	         ice sheet 1: {M}easurement, data reduction, and errors},
	Volume = {106 (D24)},
	Year = {2001},
}


@article {BamberVaughanJoughin,
    AUTHOR = {J. L. Bamber and D. G. Vaughan and I. Joughin},
     TITLE = {Widespread complex flow in the interior of the {A}ntarctic
              ice sheet},
      YEAR = {2000},
   JOURNAL = {Science},
    VOLUME = {287},
     PAGES = {1248--1250},
}


@Article{Bamberetal2013,
AUTHOR = {Bamber, J. L. and ten others},
TITLE = {A new bed elevation dataset for {G}reenland},
JOURNAL = {The Cryosphere},
VOLUME = {7},
YEAR = {2013},
NUMBER = {2},
PAGES = {499--510},
DOI = {10.5194/tc-7-499-2013}
}


@article {Baraletal2001,
    AUTHOR = {D. R. Baral and K. Hutter and R. Greve},
     TITLE = {Asymptotic theories of large-scale motion, temperature,
              and moisture distribution in land-based polythermal
              ice sheets: {A} critical review and new developments},
   JOURNAL = {Appl. Mech. Rev.},
    VOLUME = {54},
    NUMBER = {3},
     pages = {215--256},
       doi = {10.1115/1.3097296},
      YEAR = {2001},
}


@book {Barenblatt,
    AUTHOR = {G. I. Barenblatt},
     TITLE = {Scaling, {S}elf-similarity and {I}ntermediate {A}symptotics},
 PUBLISHER = {Cambridge Univ. Press},
      YEAR = {1996},
}


@article {Barenblatt1952,
    AUTHOR = {G. I. Barenblatt},
     TITLE = {On some unsteady motions of fluids and gases in a porous medium},
   JOURNAL = {Prikl. Mat. Mekh.},
    VOLUME = {16},
    NUMBER = {1},
     pages = {67--78},
      YEAR = {1952},
}


@article {Bartholomausetal2008,
    AUTHOR = {T. C. Bartholomaus and R. S. Anderson and S. P. Anderson},
     TITLE = {Response of glacier basal motion to transient water storage},
   JOURNAL = {Nature Geosci.},
    VOLUME = {1},
     PAGES = {33--37},
      YEAR = {2008},
       DOI = {10.1038/ngeo.2007.52},
}


@article {Bartholomausetal2011,
    AUTHOR = {T. C. Bartholomaus and R. S. Anderson and S. P. Anderson},
     TITLE = {Growth and collapse of the distributed subglacial hydrologic
              system of {K}ennicott {G}lacier, {A}laska, {USA}, and its
              effects on basal motion},
   JOURNAL = {J. Glaciol.},
    VOLUME = {57},
    NUMBER = {206},
     PAGES = {985--1002},
      YEAR = {2011},
}


@book {Batchelor,
    AUTHOR = {G. Batchelor},
     TITLE = {An {I}ntroduction to {F}luid {D}ynamics},
 PUBLISHER = {Cambridge Univ. Press},
      YEAR = {1967},
}


@article{BeckmannGoosse2003,
	title={A parameterization of ice shelf-ocean interaction for climate models},
	volume={5},
	url={https://linkinghub.elsevier.com/retrieve/pii/S1463500302000197},
	number={2},
	journal={Ocean Modelling},
	publisher={Elsevier},
	author={Beckmann, A and Goosse, H},
	year={2003},
	pages={157--170}
}


@article{Bindschadler2013SeaRISE,
   title={Ice-sheet model sensitivities to environmental forcing and
          their use in projecting future sea-level ({T}he {S}ea{RISE}
          {P}roject)},
  author={R. Bindschadler and twenty-seven others},
 journal={J. Glaciol},
  volume={59},
  number={214},
   pages={195--224},
    year={2013},
}


@article {Blatter,
    AUTHOR = {H. Blatter},
     TITLE = {Velocity and stress fields in grounded glaciers: a simple algorithm
              for including deviatoric stress gradients},
      YEAR = {1995},
   JOURNAL = {J. Glaciol.},
    VOLUME = {41},
    NUMBER = {138},
     PAGES = {333--344},
}


@article{BlatterGreve2015,
  title  = {Comparison and verification of enthalpy schemes for polythermal glaciers
           and ice sheets with a one-dimensional model},
  author = {H. Blatter and R. Greve},
  journal= {Polar Science},
  year   = {2015},
  volume = {9},
  number = {2},
  pages  = {196--207},
}


@article {Bodvardsson,
    AUTHOR = {G. Bodvardsson},
     TITLE = {On the flow of ice-sheets and glaciers},
      YEAR = {1955},
   JOURNAL = {J{\"o}kull},
    VOLUME = {5},
     PAGES = {1--8},
}


@article{Bougamontetal2011,
  title={Dynamic patterns of ice stream flow in a 3-{D} higher-order ice sheet
         model with plastic bed and simplified hydrology},
  author={Bougamont, M and Price, S and Christoffersen, P and Payne, AJ},
 journal={J. Geophys. Res.: Earth Surface},
  volume={116},
  number={F4},
    year={2011},
}


@article {BoxSteffan2001,
    AUTHOR = {J. E. Box and K. Steffen},
     TITLE = {Sublimation on the {G}reenland ice sheet from automated weather station observations},
      YEAR = {2001},
   JOURNAL = {J. Geophys. Res.},
    VOLUME = {106},
    NUMBER = {D24},
     PAGES = {33965--33981},
}


@book {Bracewell,
    AUTHOR = {Ronald N. Bracewell},
     TITLE = {The {F}ourier {T}ransform and {I}ts {A}pplications},
 PUBLISHER = {McGraw-Hill Book Company},
   ADDRESS = {New York},
   EDITION = {2nd},
      YEAR = {1978},
}


@book {Braess,
    AUTHOR = {Braess, D.},
     TITLE = {Finite {E}lements: {T}heory, fast solvers, and applications in elasticity theory},
   EDITION = {3rd},
 PUBLISHER = {Cambridge University Press},
      YEAR = {2007},
}


@book {BriggsHenson,
    AUTHOR = {William L. Briggs and Van Emden Henson},
     TITLE = {The {DFT}:  {A}n {O}wner's {M}anual for the {D}iscrete
              {F}ourier {T}ransform},
 PUBLISHER = {SIAM Press},
   ADDRESS = {Philadelphia},
      YEAR = {1995},
}


@article {Broughan,
    AUTHOR = {K. Broughan},
     TITLE = {Periodicity in an energy balance climate model},
      YEAR = {1997},
   JOURNAL = {Nonlinear Analysis},
    VOLUME = {30},
    NUMBER = {8},
     PAGES = {4995--5002},
}


@article {Brown2010,
    AUTHOR = {J. Brown},
     TITLE = {Efficient nonlinear solvers for nodal high-order finite elements
              in 3{D}},
      YEAR = {2010},
   JOURNAL = {J. Sci. Comput.},
    VOLUME = {45},
       DOI = {10.1007/s10915-010-9396-8},
     PAGES = {48--63},
}


@book {BrownChurchill,
    AUTHOR = {J. W. Brown and R. V. Churchill},
     TITLE = {Fourier {S}eries and {B}oundary {V}alue {P}roblems},
 PUBLISHER = {McGraw-Hill},
   EDITION = {6th},
      YEAR = {2000},
}


@unpublished{BrownPresentation,
    AUTHOR = {J. Brown},
     TITLE = {Verifying {PISM}},
      NOTE = "{UAF} {M}aster's project presentation",
      URL  = {http://pism.github.io/uaf-iceflow/slidesJBrown.pdf},
      YEAR = {2006},
}


@article{BrownSmithAhmadia2013,
  title={Achieving textbook multigrid efficiency for hydrostatic ice sheet flow},
  author={Brown, Jed and Smith, Barry and Ahmadia, Aron},
  journal={SIAM J. Sci. Comp.},
  volume={35},
  number={2},
  pages={B359--B375},
  year={2013},
}


@techreport {Bueler,
    AUTHOR = {Ed Bueler},
     TITLE = {Numerical approximation of a two--dimensional thermomechanical
              model for ice flow},
INSTITUTION = {University of Alaska, Fairbanks},
      TYPE = {Dept.~of Mathematical Sciences Tech.~Rep.},
    NUMBER = {02-02},
      YEAR = {2002},
}


@article{Bueler2014correspondence,
    AUTHOR = {E. Bueler},
     TITLE = {Correspondence:~{E}xtensions of the lumped subglacial-englacial
              hydrology model of {B}artholomaus and others (2011)},
   JOURNAL = {J.~Glaciol.},
    VOLUME = {60},
    NUMBER = {222},
     PAGES = {808--810},
      YEAR = {2014},
}


@article {Bueler2014exactmarine,
    AUTHOR = {E. Bueler},
     TITLE = {An exact solution for a steady, flow-line marine ice sheet},
   JOURNAL = {J.~Glaciol.},
    VOLUME = {60},
    NUMBER = {224},
     PAGES = {1117--1125},
      YEAR = {2014},
}


@article{BuelerSpray,
   AUTHOR = {Ed Bueler},
    TITLE = {Lessons from the short history of ice sheet model intercomparison},
  JOURNAL = {The Cryosphere Discussions},
   VOLUME = {2},
     YEAR = {2008},
    PAGES = {399--412},
      URL = {https://www.the-cryosphere-discuss.net/2/399/2008/},
}


@unpublished {BuelerTestK,
    AUTHOR = {E. Bueler},
     TITLE = {An exact solution to the temperature equation in a column of ice and bedrock},
      NOTE = {preprint \texttt{arXiv:0710.1314}},
      YEAR = {2007},
}


@article{BuelervanPelt2015,
AUTHOR = {Bueler, E. and van Pelt, W.},
TITLE = {Mass-conserving subglacial hydrology in the Parallel Ice Sheet Model version 0.6},
JOURNAL = {Geoscientific Model Development},
VOLUME = {8},
YEAR = {2015},
NUMBER = {6},
PAGES = {1613--1635},
note = {doi: 10.5194/gmd-8-1613-2015}
}


@book {BurdenFaires,
    AUTHOR = {Burden, Richard L. and Faires, J. Douglas},
     TITLE = {Numerical {A}nalysis},
 PUBLISHER = {Brooks/Cole},
   ADDRESS = {Pacific Grove, CA},
      YEAR = {2001},
   EDITION = {Seventh},
}


@article {Burgessetal2010,
    AUTHOR = {E.W. Burgess and R.R. Forster and J.E. Box and E. Mosley-Thompson and D.H. Bromwich and R.C. Bales and L.C. Smith},
     TITLE = {A spatially calibrated model of annual accumulation rate on the {G}reenland {I}ce {S}heet (1958--2007)},
   JOURNAL = {J. Geophys. Res.},
    VOLUME = {115},
    NUMBER = {F02004},
       DOI = {10.1029/2009JF001293},
      YEAR = {2010},
}


@article {CDV00,
    AUTHOR = {N. Calvo and J. Durany and C. V\'azquez},
     TITLE = {Numerical computation of ice sheet profiles with
              free boundary models},
      YEAR = {2000},
   JOURNAL = {Appl. Numer. Math.},
    VOLUME = {35},
     PAGES = {111--128},
}


@article {CDV02,
    AUTHOR = {N. Calvo and J. Durany and C. V\'azquez},
     TITLE = {Numerical approach of thermomechanical coupled problems
              with moving boundaries in theoretical glaciology},
      YEAR = {2002},
  FJOURNAL = {Mathematical Models and Methods in Applied Sciences},
   JOURNAL = {Math. Models and Methods in Appl. Sci.},
    VOLUME = {12},
    NUMBER = {2},
     PAGES = {229--248},
}


@article {CDV99,
    AUTHOR = {N. Calvo and J. D\'iaz and C. V\'azquez},
     TITLE = {Numerical approach of temperature distribution in a
              free boundary model for polythermal ice sheets},
      YEAR = {1999},
   JOURNAL = {Numer. Math.},
    VOLUME = {83},
     PAGES = {557--580},
}


@article {CalovGreve05,
    AUTHOR = {Reinhard Calov and Ralf Greve},
     TITLE = {Correspondence: {A} semi-analytical solution for the positive degree-day
              model with stochastic temperature variations},
      YEAR = {2005},
   JOURNAL = {J. Glaciol},
    VOLUME = {51},
    NUMBER = {172},
     PAGES = {173--175},
}


@article {Calovetal2009HEINOfinal,
    AUTHOR = {R. Calov and R. Greve and A. Abe-Ouchi and E. Bueler and P. Huybrechts and
              J. V. Johnson and F. Pattyn and D. Pollard and C. Ritz and F. Saito and L. Tarasov},
     TITLE = {Results from the ice sheet model intercomparison project---{H}einrich event
              intercomparison ({ISMIP HEINO})},
      YEAR = {2010},
   JOURNAL = {J. Glaciol},
    VOLUME = {56},
    NUMBER = {197},
     PAGES = {371--383},
}


@article {CareyetalError04,
    AUTHOR = {G. F. Carey and six others},
     TITLE = {Modelling error and constitutive relations in simulation of flow
              and transport},
   JOURNAL = {Int. J. Numer. Meth. Fluids},
    VOLUME = {46},
     PAGES = {1211--1236},
      YEAR = {2004},
}


% author list on preprint and print version:
%   AUTHOR = {N. Calvo and J. D\'iaz and J. Durany and E. Schiavi and C. V\'azquez},
% copyright year of the print version:
%     YEAR = {2002},
@book {Cathles,
    AUTHOR = {Cathles, L. M.},
     TITLE = {The {V}iscosity of the {E}arth's {M}antle},
 PUBLISHER = {Princeton University Press},
   ADDRESS = {Princeton, NJ},
      YEAR = {1975},
}


@book {Ciarlet,
    AUTHOR = {Ciarlet, P. G.},
     TITLE = {The {F}inite {E}lement {M}ethod for {E}lliptic {P}roblems},
      NOTE = {Reprint of the 1978 original},
 PUBLISHER = {SIAM Press},
      YEAR = {2002},
}


@article {ClarkAlleyPollard1999,
    AUTHOR = {P. U. Clark and R. B. Alley and D. Pollard},
     TITLE = {Northern {H}emisphere ice-sheet influences on global climate change},
   JOURNAL = {Science},
    VOLUME = {286},
    NUMBER = {5442},
     PAGES = {1104--1111},
       doi = {10.1126/science.286.5442.1104},
      YEAR = {1999},
}


@article {Clarke05,
    AUTHOR = {G. K. C. Clarke},
     TITLE = {Subglacial processes},
   JOURNAL = {Annu. Rev. Earth Planet. Sci.},
    VOLUME = {33},
     PAGES = {247--276},
       doi = {10.1146/annurev.earth.33.092203.122621},
      YEAR = {2005},
}


@article {Clarke2003,
	author = "Clarke, G. K.C.",
	title = "Hydraulics of subglacial outburst floods: new insights from the {Spring-Hutter} formulation",
	journal = "J. Glaciol.",
	volume = "49",
	number = "165",
	year = "2003",
	pages = "299--313",
	doi = "10.3189/172756503781830728",
}


@article {CliffeMorland,
    AUTHOR = {K. Cliffe and L. Morland},
     TITLE = {A thermo-mechanically coupled test case for axi-symmetric ice sheet flow},
   JOURNAL = {Continuum Mechanics and Thermodynamics},
    VOLUME = {13},
     PAGES = {135--148},
      YEAR = {2001},
}

@article{Cogley2011,
    title = {Glossary of glacier mass balance and related terms},
   author = {Cogley, JG and Hock, R and Rasmussen, LA and Arendt, AA and Bauder, A and Braithwaite, RJ and Jansson, P and Kaser, G and M{\"o}ller, M and Nicholson, L and others},
  journal = {IHP-VII technical documents in hydrology},
   volume = {86},
    pages = {965},
     year = {2011}
}


@article {ColingeRappaz,
    AUTHOR = {Colinge, Jacques and Rappaz, Jacques},
     TITLE = {A strongly nonlinear problem arising in glaciology},
   JOURNAL = {M2AN Math. Model. Numer. Anal.},
    VOLUME = {33},
      YEAR = {1999},
    NUMBER = {2},
     PAGES = {395--406},
}


@article {Comiso,
    AUTHOR = {J. Comiso},
     TITLE = {Variability and trends in {A}ntarctic surface temperatures from
              in situ and satellite infrared measurements},
   JOURNAL = {J. Climate},
    VOLUME = {13},
      YEAR = {2000},
     PAGES = {1674--1696},
}


@article{Cornfordetal2013,
title = "Adaptive mesh, finite volume modeling of marine ice sheets ",
journal = "J. Computational Physics ",
volume = "232",
number = "1",
pages = "529 - 549",
year = "2013",
doi = "10.1016/j.jcp.2012.08.037",
author = "S. Cornford and D. Martin and D. Graves and D. Ranken and A. Le Brocq and R. Gladstone and A. Payne and E. Ng and W. Lipscomb",
}


@article {CreytsSchoof2009,
    AUTHOR = {T. Creyts and C. Schoof},
     TITLE = {Drainage through subglacial water sheets},
   JOURNAL = {J. Geophys. Res.},
    VOLUME = {114},
    NUMBER = {F04008},
      YEAR = {2009},
     doi = {10.1029/2008JF001215},
}


@book{CuffeyPaterson,
    AUTHOR = {K. M. Cuffey and W. S. B. Paterson},
     TITLE = {The {P}hysics of {G}laciers},
 PUBLISHER = {Elsevier},
   EDITION = {4th},
      YEAR = {2010},
}


@article {Dansgaardetal1993,
    AUTHOR = {W. Dansgaard and ten others},
     TITLE = {Evidence for general instability of past climate from a 250-kyr ice-core record},
   JOURNAL = {Nature},
    VOLUME = {364},
      YEAR = {1993},
     PAGES = {218--220},
}


@article{Dasetal08,
author = {Das, Sarah B. and Joughin, Ian and Behn, Mark D. and Howat, Ian M. and King, Matt A. and Lizarralde, Dan and Bhatia, Maya P.},
title = {{Fracture Propagation to the Base of the Greenland Ice Sheet During Supraglacial Lake Drainage}},
journal = {Science},
volume = {320},
number = {5877},
pages = {778-781},
doi = {10.1126/science.1153360},
year = {2008},
}


@article{DeFooretal2011,
author = {DeFoor, W. and M. Person and H. C. Larsen and D. Lizarralde and D. Cohen and B. Dugan},
title = {Ice sheet-derived submarine groundwater discharge on {G}reenland's continental shelf},
journal = {Water Resour. Res.},
volume = {47},
number = {W07549},
doi = {10.1029/2011WR010536},
year = {2011},
}


@article {DeLaChapelleEtAl98,
    AUTHOR = {S. De La Chapelle and O. Castelnau and V. Lipenkov and P. Duval},
     TITLE = {Dynamic recrystallization and texture development in ice as
              revealed by the study of deep cores in {A}ntarctica and {G}reenland},
   JOURNAL = {J. Geophys. Res.},
    VOLUME = {103},
    NUMBER = {B3},
      YEAR = {1998},
     PAGES = {5091--5105},
}


@mastersthesis{DellaGiustina2011,
    AUTHOR = {D. DellaGiustina},
     TITLE = {Regional modeling of {G}reenland's outlet glaciers with the
              {Parallel Ice Sheet Model}},
INSTITUTION = {University of Alaska, Fairbanks},
     SCHOOL = {University of Alaska, Fairbanks},
      NOTE = {M.S. Computational Physics},
      YEAR = {2011},
}


@book {DiBenedetto,
    AUTHOR = {E. DiBenedetto},
     TITLE = {Degenerate {P}arabolic {E}quations},
 PUBLISHER = {Springer-Verlag},
   ADDRESS = {Berlin},
      YEAR = {1993},
}


@inproceedings{DickensMorey2013,
AUTHOR = {Dickens, P. and Morey, T.},
TITLE = {Increasing the scalability of {PISM} for high resolution ice sheet models},
YEAR = {2013},
BOOKTITLE = {Proceedings of the 14th IEEE International Workshop on Parallel and
Distributed Scientific and Engineering Computing, May 2013, Boston}
}


@article{Dukowiczetal2010,
    author = {Dukowicz, John K. and Price, Stephen F. and Lipscomb, William H.},
    title = {Consistent approximations and boundary conditions for ice-sheet dynamics from a principle of least action},
    year = {2010},
    journal = {Journal of Glaciology},
    volume = {56},
    number = {197},
    pages = {480--496},
    publisher = {International Glaciological Society},
    doi = {10.3189/002214310792447851},
}


@book {DuvautLions,
    AUTHOR = {Duvaut, G. and J. L. Lions},
     TITLE = {Inequalities in {M}echanics and {P}hysics},
 PUBLISHER = {Springer},
      YEAR = {1976},
}


@unpublished{EISIIdescribe,
    AUTHOR = {A. Payne},
     TITLE = {{EISMINT}: {I}ce sheet model intercomparison exercise
              phase two.  {P}roposed simplified geometry experiments},
      note = {},
      URL  = "http://homepages.vub.ac.be/~phuybrec/eismint/thermo-descr.pdf",
      YEAR = {1997},
}


@article {EISMINT00,
    AUTHOR = {A. Payne and others},
     TITLE = {Results from the {EISMINT} model intercomparison: the effects of
              thermomechanical coupling},
   JOURNAL = {J. Glaciol.},
    VOLUME = {153},
     PAGES = {227--238},
      YEAR = {2000},
}


@article {EISMINT96,
    AUTHOR = {P. Huybrechts and others},
     TITLE = {The {EISMINT} benchmarks for testing ice-sheet models},
   JOURNAL = {Ann. Glaciol.},
    VOLUME = {23},
     PAGES = {1--12},
      YEAR = {1996},
}


@techreport {ERCOFTACGuidelines,
    AUTHOR = {ERCOFTAC},
     TITLE = {Best {P}ractices {G}uidelines for {I}ndustrial
              {C}omputational {F}luid {D}ynamics},
INSTITUTION = {European Research Community On Flow, Turbulence And Combustion
               (ERCOFTAC)},
      NOTE = {Version 1.0},
      YEAR = {2000},
}


@article{Edwards2014,
author = {Edwards, T. L. and Fettweis, X. and Gagliardini, O. and Gillet-Chaulet, F. and Goelzer, H. and Gregory, J. M. and Hoffman, M. and Huybrechts, Philippe and Payne, a. J. and Perego, M. and Price, S. and Quiquet, A. and Ritz, C.},
doi = {10.5194/tc-8-181-2014},
file = {:Users/andy/pdfs/Edwards et al. - 2014 - Probabilistic parameterisation of the surface mass balance–elevation feedback in regional climate model simula.pdf:pdf},
issn = {1994-0424},
journal = {The Cryosphere},
month = {jan},
number = {1},
pages = {181--194},
title = {{Probabilistic parameterisation of the surface mass balance–elevation feedback in regional climate model simulations of the Greenland ice sheet}},
url = {https://www.the-cryosphere.net/8/181/2014/},
volume = {8},
year = {2014}
}


@article {EgholmNielsen2010,
author = {Egholm, D. and Nielsen, S.},
title = {An adaptive finite volume solver for ice sheets and glaciers},
journal = {J. Geophys. Res.: Earth Surface},
volume = {115},
number = {F1},
doi = {10.1029/2009JF001394},
year = {2010},
}


@article {Egholmetal2011,
author = {Egholm, D. and Knudsen, M. and Clark, C. and Lesemann, J.},
title = {Modeling the flow of glaciers in steep terrains: The integrated second-order shallow ice approximation {(iSOSIA)}},
journal = {J. Geophys. Res.: Earth Surface},
volume = {116},
number = {F2},
doi = {10.1029/2010JF001900},
year = {2011},
}


@article{Eisen2008,
    AUTHOR = {O. Eisen},
     TITLE = {Inference of velocity pattern from isochronous layers
              in firn, using an inverse method},
   JOURNAL = {J. Glaciol.},
    VOLUME = {54},
    NUMBER = {187},
     PAGES = {613--630},
      YEAR = {2008},
}


@book {Elmanetal2005,
    AUTHOR = {H. C. Elman and D. J. Silvester and A. J. Wathen},
     TITLE = {Finite {E}lements and {F}ast {I}terative {S}olvers: with
              {A}pplications in {I}ncompressible {F}luid {D}ynamics},
 PUBLISHER = {Oxford University Press},
      YEAR = {2005},
}


@article {Ettemaetal2009,
    AUTHOR = {J. Ettema and M. R. van den Broeke and E. van Meijgaard and
              W. J. van de Berg and J. L. Bamber and J. E. Box and R. C. Bales},
     TITLE = {Higher surface mass balance of the {G}reenland ice sheet revealed
              by high-resolution climate modeling},
   JOURNAL = {Geophys. Res. Let.},
    VOLUME = {36},
    NUMBER = {L12501},
       DOI = {10.1029/2009GL038110},
      YEAR = {2009},
}


@book {Evans,
    AUTHOR = {Lawrence C. Evans},
     TITLE = {Partial {D}ifferential {E}quations},
    SERIES = {Graduate Studies in Mathematics},
 PUBLISHER = {American Mathematical Society},
      YEAR = {1998},
}


@article {Fahnestocketal2001,
    AUTHOR = {M. Fahnestock and W. Abdalati and I. Joughin and J. Brozena
              and P. Gogineni},
     TITLE = {High geothermal heat flow, basal melt, and the origin of
              rapid ice flow in central {G}reenland},
   JOURNAL = {Science},
    VOLUME = {294},
     PAGES = {2338--2342},
      YEAR = {2001},
}


@article {Farrell,
    AUTHOR = {W. E. Farrell},
     TITLE = {Deformation of the earth by surface loads},
   JOURNAL = {Rev. Geophysics and Space Physics},
    VOLUME = {10},
    NUMBER = {3},
     PAGES = {761--797},
      YEAR = {1972},
}


@unpublished {Fastook,
    AUTHOR = {James L. Fastook},
     TITLE = {A computationally efficient bedrock isostacy model},
      YEAR = {1999},
      NOTE = {unpublished},
}


@article {Faustoetal2009,
    AUTHOR = {R. S. Fausto and A. P. Ahlstrom and D. Van As
              and C. E. Boggild and S. J. Johnsen},
     TITLE = {A new present-day temperature parameterization
              for {G}reenland},
   JOURNAL = {J. Glaciol.},
    VOLUME = {55},
    NUMBER = {189},
     PAGES = {95--105},
      YEAR = {2009},
}


@article{Feldmannetal2014,
    AUTHOR = {Feldmann, J. and Albrecht, T. and Khroulev, C. and Pattyn, F.
              and Levermann, A.},
     TITLE = {Resolution-dependent performance of grounding line motion in a
              shallow model compared to a full-{S}tokes model according to the
              {MISMIP3d} intercomparison},
   JOURNAL = {J. Glaciol.},
    VOLUME = {60},
    NUMBER = {220},
     PAGES = {353--360},
       DOI = {10.3189/2014JoG13J093},
      YEAR = {2014},
}


@article {FlowersClarke2002_theory,
    AUTHOR = {G. E. Flowers and G. K. C. Clarke},
     TITLE = {A multicomponent coupled model of glacier hydrology
              1. {T}heory and synthetic examples},
   JOURNAL = {J. Geophys. Res.},
    VOLUME = {107},
    NUMBER = {B11},
     PAGES = {2287},
       DOI = {10.1029/2001JB001122},
      YEAR = {2002},
}


@article {FlowersClarke2002_trapridge,
    AUTHOR = {G. E. Flowers and G. K. C. Clarke},
     TITLE = {A multicomponent coupled model of glacier hydrology
              2. {A}pplication to {T}rapridge {G}lacier, {Y}ukon, {C}anada},
   JOURNAL = {J. Geophys. Res.},
    VOLUME = {107},
    NUMBER = {B11},
     PAGES = {2288},
       DOI = {10.1029/2001JB001124},
      YEAR = {2002},
}


@article {Flowersetal2005,
    AUTHOR = {G. E. Flowers and S. J. Marshall and H. Bj\"ornsson and G. K. C. Clarke},
     TITLE = {Sensitivity of {V}atnaj\"okull ice cap hydrology and dynamics to
              climate warming over the next 2 centuries},
   JOURNAL = {J. Geophys. Res.},
    VOLUME = {110},
    NUMBER = {F02011},
        DOI = {10.1029/2004JF000200},
      YEAR = {2005},
}


@inproceedings{FoldvikKvinge1974,
  title={Conditional instability of sea water at the freezing point},
  author={Foldvik, Arne and Kvinge, Thor},
  booktitle={Deep Sea Research and Oceanographic Abstracts},
  volume={21},
  number={3},
  pages={169--174},
  year={1974},
  organization={Elsevier}
}


@article{FongSaunders2011,
  title={{LSMR}: {A}n iterative algorithm for sparse least-squares problems},
  author={D. Fong and M. Saunders},
  journal={SIAM J. Sci. Computing},
  volume={33},
  number={5},
  pages={2950--2971},
  year={2011},
}


@book {Fowler,
    AUTHOR = {A. C. Fowler},
     TITLE = {Mathematical Models in the Applied Sciences},
 PUBLISHER = {Cambridge Univ. Press},
      YEAR = {1997},
}


@inproceedings{Fowler01,
  AUTHOR    = {Andrew C. Fowler},
  editor    = {Brian Straughan and others},
  BOOKTITLE = {Continuum {M}echanics and {A}pplications in
               {G}eophysics and the {E}nvironment},
  TITLE     = {Modelling the flow of glaciers and ice sheets},
  PUBLISHER = {Springer},
  YEAR      = {2001},
  PAGES     = {201--221},
}


@article{Fowler1992,
  title={Modelling ice sheet dynamics},
  author={A. C. Fowler},
  journal={Geophysical \& Astrophysical Fluid Dynamics},
  volume={63},
  pages={29--65},
  year={1992},
}


@inproceedings{Fowler97A,
  AUTHOR =       {A. C. Fowler},
  editor =       {J. I. D\'iaz},
  BOOKTITLE =        {The Mathematics of Models for Climatology and Environment},
  TITLE =      {Glaciers and ice sheets},
  VOLUME = {48},
  PUBLISHER =    {Springer},
  YEAR =         {1997},
  PAGES = {301--336},
}


@article {FowlerLarson1978,
    AUTHOR = {A. C. Fowler and D. A. Larson},
     TITLE = {On the flow of polythermal glaciers. {I}.
              {M}odel and preliminary analysis},
   JOURNAL = {Proc. R. Soc. Lond. A},
    VOLUME = {363},
     PAGES = {217--242},
      YEAR = {1978},
}


@article {FoxMaule,
    AUTHOR = {C. Fox Maule and M. E. Purucker and N. Olsen and K. Mosegaard},
     TITLE = {Heat flux anomalies in {A}ntarctica revealed by satellite magnetic data},
   JOURNAL = {Science},
    VOLUME = {309},
     PAGES = {464--467},
      YEAR = {2005},
}


@book {Friedman,
    AUTHOR = {Anver Friedman},
     TITLE = {Variational inequalities and free boundary problems},
 PUBLISHER = {Wiley Interscience},
      YEAR = {1982},
}


@misc {GSL,
  AUTHOR = {M. Galassi and others},
   TITLE = {{GNU} {S}cientific {L}ibrary {R}eference {M}anual},
 EDITION = {second},
     URL = {http://www.gnu.org/software/gsl/},
    YEAR = {2006},
}


@article {GilletChauletetal2005,
    AUTHOR = {F. Gillet-Chaulet and others},
     TITLE = {A user-friendly anisotropic flow law for ice-sheet modelling},
   JOURNAL = {J. Glaciol.},
    VOLUME = {51},
    NUMBER = {172},
     PAGES = {3--14},
      YEAR = {2005},
}


@article {Gladstoneetal2010,
    AUTHOR = {R. M. Gladstone and A. J. Payne and S. L. Cornford},
     TITLE = {Parameterising the grounding line in flow-line ice sheet models},
   JOURNAL = {The Cryosphere},
    VOLUME = {4},
     PAGES = {605--619},
      YEAR = {2010},
       doi = {10.5194/tc-4-605-2010},
}


@article {Glen,
    AUTHOR = {J. W. Glen},
     TITLE = {The creep of polycrystalline ice},
   JOURNAL = {Proc. Royal Soc. London A},
    VOLUME = {228},
     PAGES = {519--538},
      YEAR = {1955},
}


@article {GlowinskiRappaz,
    AUTHOR = {Glowinski, Roland and Rappaz, Jacques},
     TITLE = {Approximation of a nonlinear elliptic problem arising in a
              non-{N}ewtonian fluid flow model in glaciology},
   JOURNAL = {M2AN Math. Model. Numer. Anal.},
    VOLUME = {37},
      YEAR = {2003},
    NUMBER = {1},
     PAGES = {175--186},
}


@Article{Goelleretal2013,
AUTHOR = {S. Goeller and M. Thoma and K. Grosfeld and H. Miller},
TITLE = {A balanced water layer concept for subglacial hydrology in
         large-scale ice sheet models},
JOURNAL = {The Cryosphere},
VOLUME = {7},
YEAR = {2013},
NUMBER = {4},
PAGES = {1095--1106},
}


@article {Goldberg2011,
    AUTHOR = {D. Goldberg},
     TITLE = {A variationally derived, depth-integrated approximation to a
              higher-order glaciological flow model},
   JOURNAL = {J. Glaciol.},
    VOLUME = {57},
    NUMBER = {201},
      YEAR = {2011},
     PAGES = {157--170},
}


@article {Goldbergetal2009,
    AUTHOR = {D. Goldberg and D. M. Holland and C. Schoof},
     TITLE = {Grounding line movement and ice shelf buttressing in
              marine ice sheets},
   JOURNAL = {J. Geophys. Res.},
    VOLUME = {114},
    NUMBER = {F04026},
       DOI = {10.1029/2008JF001227},
      YEAR = {2009},
}


@article {GoldsbyKohlstedt,
    AUTHOR = {D. L. Goldsby and D. L. Kohlstedt},
     TITLE = {Superplastic deformation of ice: experimental observations},
   JOURNAL = {J. Geophys. Res.},
    VOLUME = {106},
    NUMBER = {M6},
     PAGES = {11017--11030},
      YEAR = {2001},
}


@article {GoldsbyKohlstedt97,
    AUTHOR = {D. L. Goldsby and D. L. Kohlstedt},
     TITLE = {Grain boundary sliding in fine-grained ice {I}},
   JOURNAL = {Scripta Materialia},
    VOLUME = {37},
    NUMBER = {9},
     PAGES = {1399--1406},
      YEAR = {1997},
}


@article{Golledgeetal2012,
AUTHOR = {N. Golledge and A. Mackintosh and 8 others},
TITLE = {Last {G}lacial {M}aximum climate in {N}ew {Z}ealand inferred from
         a modelled {S}outhern {A}lps icefield},
JOURNAL = {Quaternary Science Reviews},
VOLUME = {46},
YEAR = {2012},
PAGES = {30--45},
DOI = {10.1016/j.quascirev.2012.05.004},
}


@article{Golledgeetal2012ant,
AUTHOR = {N. Golledge and C. Fogwill and A. Mackintosh and K. Buckley},
TITLE = {Dynamics of the {L}ast {G}lacial {M}aximum {A}ntarctic ice-sheet
         and its response to ocean forcing},
JOURNAL = {Proc. Nat. Acad. Sci.},
VOLUME = {109},
NUMBER = {40},
YEAR = {2012},
PAGES = {16052--16056},
DOI = {10.1073/pnas.1205385109},
}


@article{Golledgeetal2013,
author = "Golledge, N. and twelve others",
title = "Glaciology and geological signature of the {Last Glacial Maximum Antarctic} ice sheet",
journal = "Quaternary Sci. Rev.",
volume = "78",
number = "0",
pages = "225--247",
year = "2013",
doi = "10.1016/j.quascirev.2013.08.011",
}


@Article{Golledgeetal2014,
AUTHOR = {Golledge, N. R. and Menviel, L. and Carter, L. and Fogwill, C. J. and England, M. H. and Cortese, G. and Levy, R. H.},
TITLE = {Antarctic contribution to meltwater pulse 1A from reduced Southern Ocean overturning},
JOURNAL = {Nature Communications},
VOLUME = {5},
DOI = {10.1038/ncomms6107},
YEAR = {2014},
}


@book{GolubVanLoan,
  title={Matrix {C}omputations},
  author={G. Golub and C. {Van Loan}},
  edition={4th},
  year={2012},
  publisher={JHU Press},
}


@article{GraeserKornhuber2009,
AUTHOR = {C. Gr\"aser and R. Kornhuber},
TITLE = {Multigrid methods for obstacle problems},
JOURNAL = {J. Comp. Math.},
VOLUME = {27},
NUMBER = {1},
YEAR = {2009},
PAGES = {1--44},
}


@book{Greenbaum1997,
  title={Iterative {M}ethods for {S}olving {L}inear {S}ystems},
  author={Greenbaum, A.},
  year={1997},
  publisher={SIAM Press}
}


@article {Greve,
    AUTHOR = {R. Greve},
     TITLE = {A continuum--mechanical formulation for shallow polythermal
              ice sheets},
   JOURNAL = {Phil. Trans. Royal Soc. London A},
    VOLUME = {355},
     PAGES = {921--974},
      YEAR = {1997},
}


@article {Greve00,
    AUTHOR = {Ralf Greve},
     TITLE = {On the response of the {G}reenland ice sheet to greenhouse
              climate change},
   JOURNAL = {Climatic Change},
    VOLUME = {46},
     PAGES = {289--303},
      YEAR = {2000},
}


@inproceedings {Greve2001,
    AUTHOR = {Ralf Greve},
     TITLE = {Glacial isostasy: {M}odels for the response
of the {E}arth to varying ice loads},
     PAGES = {307--325},
      YEAR = {2001},
  editor    = {Brian Straughan and others},
  BOOKTITLE = {Continuum {M}echanics and {A}pplications in
               {G}eophysics and the {E}nvironment},
  PUBLISHER = {Springer},
}


@article {Greve2005geothermal,
    AUTHOR = {R. Greve},
     TITLE = {Relation of measured basal temperatures and the spatial distribution
              of the geothermal heat flux for the {G}reenland ice sheet},
   JOURNAL = {Ann. Glaciol.},
    VOLUME = {42},
     PAGES = {424--432},
      YEAR = {2005},
}


@article {Greve97Greenland,
    AUTHOR = {Ralf Greve},
     TITLE = {Application of a polythermal three-dimensional ice
               sheet model to the
              {G}reenland ice sheet: {R}esponse to steady-state and transient
              climate scenarios},
   JOURNAL = {J. Climate},
  FJOURNAL = {Journal of Climate},
    VOLUME = {10},
    NUMBER = {5},
     PAGES = {901--918},
      YEAR = {1997},
}


@book{GreveBlatter2009,
    AUTHOR = {R. Greve and H. Blatter},
     TITLE = {Dynamics of {I}ce {S}heets and {G}laciers},
    SERIES = {Advances in Geophysical and Environmental
              Mechanics and Mathematics},
 PUBLISHER = {Springer},
      YEAR = {2009},
}


@unpublished{GreveNotes,
    AUTHOR = {Ralf Greve},
     TITLE = {Dynamics of Ice Sheets and Glaciers},
      NOTE = {Lecture notes Sapporo},
      YEAR = {2005},
}


@article {GreveTakahamaCalov,
    AUTHOR = {Ralf Greve and Ryoji Takahama and Reinhard Calov},
     TITLE = {Simulation of large-scale ice-sheet surges: The {ISMIP-HEINO} experiments},
   JOURNAL = {Polar Meteorol. Glaciol.},
    VOLUME = {20},
     PAGES = {1--15},
      YEAR = {2006},
}


@article {GreveWangMuegge2002,
    AUTHOR = {R. Greve and Y. Wang and B. M\"ugge},
     TITLE = {Comparison of numerical schemes for the solution of the
              advective age equation in ice sheets},
   JOURNAL = {Ann. Glaciol.},
    VOLUME = {35},
     PAGES = {487--494},
      YEAR = {2002},
}


@book{Groppetal1999,
  title={Using {MPI}: {P}ortable {P}arallel {P}rogramming with the
         {M}essage-{P}assing {I}nterface},
  author={Gropp, W. and Lusk, E. and Skjellum, A.},
  edition={2nd},
  year={1999},
  publisher={MIT Press},
}


@article {GrosfeldThyssen1994,
    AUTHOR = {K. Grosfeld and F. Thyssen},
     TITLE = {Temperature investigation and modeling on the
              {Filchner-Ronne Ice Shelf, Antarctica}},
   JOURNAL = {Ann. Glaciol.},
    VOLUME = {20},
     PAGES = {377--385},
      YEAR = {1994},
}


@article {Gudmundsson03,
    AUTHOR = {Gudmundsson, G. Hilmar},
     TITLE = {Transmission of basal variability to a glacier surface},
   JOURNAL = {J. Geophys. Res.},
    VOLUME = {108},
    NUMBER = {B5},
       doi = {10.1029/2002JB002107},
      YEAR = {2003},
}


@article{Gudmundsson09,
 AUTHOR = {G. H. Gudmundsson},
  TITLE = {Analytical solutions for the surface response to small
           amplitude perturbations in boundary data in the
           shallow-ice-stream approximation},
JOURNAL = {The Cryosphere},
 VOLUME = {2},
   YEAR = {2008},
 NUMBER = {2},
  PAGES = {77--93},
}


@unpublished {HEINOwebpage,
    AUTHOR = {Reinhard Calov and Ralf Greve},
     TITLE = {{ISMIP-HEINO} {I}ce {S}heet {M}odel {I}ntercomparison {P}roject: {H}einrich {E}vent {IN}terc{O}mparison},
       URL = "http://www.pik-potsdam.de/~calov/heino.html",
      YEAR = {2008},
      NOTE = {}
}


@article{HOMelmer,
 AUTHOR = {Gagliardini, O. and Zwinger, T.},
  TITLE = {The {ISMIP-HOM} benchmark experiments performed using the
           {F}inite-{E}lement code {E}lmer},
JOURNAL = {The Cryosphere},
 VOLUME = {2},
   YEAR = {2008},
 NUMBER = {1},
  PAGES = {67--76},
    URL = {https://www.the-cryosphere.net/2/67/2008/},
}


@unpublished {HOMwebpage,
    AUTHOR = {Frank Pattyn and Tony Payne},
     TITLE = {{ISMIP-HOM} {I}ce {S}heet {M}odel {I}ntercomparison {P}roject: benchmark experiments for {H}igher-{O}rder ice sheet {M}odels},
       URL = {http://homepages.ulb.ac.be/~fpattyn/ismip/},
      YEAR = {2008},
      NOTE = {}
}


@article {Habermannetal2012,
 AUTHOR = {M. Habermann and D. Maxwell and M. Truffer},
  TITLE = {Reconstruction of basal properties in ice sheets using iterative
           inverse methods},
JOURNAL = {J. Glaciol.},
   YEAR = {2012},
 VOLUME = {58},
  ISSUE=  {210},
  PAGES = {795--807},
}


@article {Habermannetal2013,
AUTHOR = {Habermann, M. and Truffer, M. and Maxwell, D.},
TITLE = {Changing basal conditions during the speed-up of {J}akobshavn {I}sbrae,
         {G}reenland},
JOURNAL = {The Cryosphere},
VOLUME = {7},
YEAR = {2013},
NUMBER = {6},
PAGES = {1679--1692},
DOI = {10.5194/tc-7-1679-2013}
}


@article{Hadamard02,
    AUTHOR  = {Hadamard, Jacques},
    JOURNAL = {Princeton University Bulletin},
    PAGES   = {49--52},
    TITLE   = {{Sur les probl\`{e}mes aux d\'{e}riv\'{e}s partielles et leur signification physique}},
    VOLUME  = {13},
    YEAR    = {1902}
}


@phdthesis{HagdornThesis,
  Author = {Magnus K. M. Hagdorn},
   Title = {Reconstruction of the past and forecast of the future {E}uropean
            and {B}ritish ice sheets and associated sea level change},
  School = {The University of Edinburgh},
    Year = {2003},
}


@article {Halfar81,
    AUTHOR = {P. Halfar},
     TITLE = {On the dynamics of the ice sheets},
   JOURNAL = {J. Geophys. Res.},
    VOLUME = {86},
    NUMBER = {C11},
     PAGES = {11065--11072},
      YEAR = {1981},
}


@article {Halfar83,
    AUTHOR = {P. Halfar},
     TITLE = {On the dynamics of the ice sheets 2},
   JOURNAL = {J. Geophys. Res.},
    VOLUME = {88},
    NUMBER = {C10},
     PAGES = {6043--6051},
      YEAR = {1983},
}


@book{Hanke,
      TITLE = "Conjugate Graident Type Methods for Ill-posed Problems",
     AUTHOR = "Martin Hanke",
  PUBLISHER ="Longman Scientific \& Technical",
       YEAR = {1995},
     VOLUME = {327},
     SERIES = {Pitman Research Notes in Mathematics},
}


@article {Harperetal2010,
    AUTHOR = {J. Harper and J. Bradford and N. Humphrey and T. Meierbachtol},
     TITLE = {Vertical extension of the subglacial drainage system into basal crevasses},
   JOURNAL = {Nature},
    VOLUME = {467},
    NUMBER = {7315},
     PAGES = {579--582},
       DOI = {10.1038/nature09398},
      YEAR = {2010},
}


@article{HellmerOlbers1989,
  title={A two-dimensional model for the thermohaline circulation under an ice shelf},
  author={Hellmer, HH and Olbers, DJ},
  journal={Antarctic Science},
  volume={1},
  number={04},
  pages={325--336},
  year={1989},
  publisher={Cambridge Univ Press}
}


@book{Hellmeretal1998,
  title={{O}ceanic erosion of a floating {A}ntarctic glacier in the {A}mundsen {S}ea},
  author={Hellmer, Hartmut H. and Jacobs, Stanley S. and Jenkins, Adrian},
  year={1998},
  pages={83--99},
  publisher={American Geophysical Union}
}


@article {Hewitt2011,
    AUTHOR = {I. J. Hewitt},
     TITLE = {Modelling distributed and channelized subglacial drainage:
              the spacing of channels},
   JOURNAL = {J. Glaciol.},
    VOLUME = {57},
    NUMBER = {202},
     PAGES = {302--314},
      YEAR = {2011},
}


@article {Hewitt2013,
    AUTHOR = {I. J. Hewitt},
     TITLE = {Seasonal changes in ice sheet motion due to melt water lubrication},
   JOURNAL = {Earth Planet. Sci. Lett.},
    VOLUME = {371--372},
     PAGES = {16--25},
       DOI = {10.1016/j.epsl.2013.04.022},
      YEAR = {2013},
}


@article {Hewittetal2012,
    AUTHOR = {I. J. Hewitt and C. Schoof and M. A. Werder},
     TITLE = {Flotation and free surface flow in a model for
              subglacial drainage.  {P}art {II}: {C}hannel flow},
   JOURNAL = {J. Fluid Mech.},
    VOLUME = {702},
     PAGES = {157--188},
      YEAR = {2012},
}


@article {HighamTrefethen1993,
    AUTHOR = {D. Higham and L. N. Trefethen},
     TITLE = {Stiffness of {ODE}s},
   JOURNAL = {BIT},
    VOLUME = {33},
     PAGES = {285--303},
      YEAR = {1993},
}


@article {Hindmarsh,
    AUTHOR = {R. C. A. Hindmarsh},
     TITLE = {Time--scales and degrees of freedom operating in the evolution
              of continental ice sheets},
   JOURNAL = {Trans. R. Soc. Edinburgh, Ser. Earth Sci.},
    VOLUME = {81},
    NUMBER = {4},
     PAGES = {371--384},
      YEAR = {1990},
}


@inproceedings{Hindmarsh01,
  AUTHOR    = {R. C. A. Hindmarsh},
  editor    = {Brian Straughan and others},
  BOOKTITLE = {Continuum {M}echanics and {A}pplications in
               {G}eophysics and the {E}nvironment},
  TITLE     = {Notes on basic glaciological computational methods
               and algorithms},
  PUBLISHER = {Springer},
  YEAR      = {2001},
  PAGES     = {222--249},
}


@article {Hindmarsh04,
    AUTHOR = {R. C. A. Hindmarsh},
     TITLE = {Thermoviscous stability of ice-sheet flows},
   JOURNAL = {J. Fluid Mech.},
    VOLUME = {502},
     PAGES = {17--40},
      YEAR = {2004},
}


@article {Hindmarsh04compare,
    AUTHOR = {R. C. A. Hindmarsh},
     TITLE = {A numerical comparison of approximations to the {S}tokes
              equations used in ice sheet and glacier modeling},
   JOURNAL = {J. Geophys. Res.},
    VOLUME = {109},
       doi = {10.1029/2003JF000065},
      YEAR = {2004},
}


@article {Hindmarsh06,
    AUTHOR = {R. C. A. Hindmarsh},
     TITLE = {Stress gradient damping of thermoviscous ice flow instabilities},
   JOURNAL = {J. Geophys. Res.},
    VOLUME = {111},
    NUMBER = {B12409},
       doi = {10.1029/2005JB004019},
      YEAR = {2006},
}


@article{Hindmarsh1983ODEPACK,
  title={{ODEPACK, A Systematized Collection of ODE Solvers}},
  note={edited by Stepleman et al.},
  author={Hindmarsh, A. C},
  journal={IMACS Transactions on Scientific Computation},
  volume={1},
  pages={55--64},
  year={1983},
  publisher={North-Holland},
}


@article {HindmarshMembrane,
    AUTHOR = {Richard C. A. Hindmarsh},
     TITLE = {The role of membrane-like stresses in determining the stability
              and sensitivity of the {A}ntarctic ice sheets: back pressure and
              grounding line motion},
   JOURNAL = {Phil. Trans. R. Soc. A},
    VOLUME = {364},
       doi = {10.1098/rsta.2006.1797},
      YEAR = {2006},
     PAGES = {1733--1767},
}


@article {HindmarshPayne,
    AUTHOR = {R. C. A. Hindmarsh and A. J. Payne},
     TITLE = {Time--step limits for stable solutions of the ice--sheet equation},
   JOURNAL = {Ann. Glaciol.},
    VOLUME = {23},
     PAGES = {74--85},
      YEAR = {1996},
}


@article {Hindmarshetal2009,
	author = "R. Hindmarsh and G. Leysinger Vieli and and F. Parrenin",
	title = "A large-scale numerical model for computing isochrone geometry",
	journal = "Ann. Glaciol.",
	volume = "50",
	number = "51",
	year = "2009",
	pages = "130--140",
}


@article {Hock05,
    AUTHOR = {R. Hock},
     TITLE = {Glacier melt: a review of processes and their modelling},
   JOURNAL = {Prog. Phys. Geog.},
    VOLUME = {29},
    NUMBER = {3},
     PAGES = {362--391},
      YEAR = {2005},
}

@article{Hock2005b,
author = {Hock, Regine and Holmgren, Bj\"{o}rn},
journal = {J. Glaciol.},
number = {172},
pages = {25--36},
title = {{A distributed surface energy-balance model for complex topography and its application to Storglaci\"{a}ren, Sweden}},
volume = {51},
year = {2005}
}

@article{HollandJenkins1999,
  title={Modeling thermodynamic ice-ocean interactions at the base of an ice shelf},
  author={Holland, David M and Jenkins, Adrian},
  journal={Journal of Physical Oceanography},
  volume={29},
  number={8},
  pages={1787--1800},
  year={1999}
}


@article {Hollandetal2008,
    AUTHOR = {D. M. Holland and R. H. Thomas and B. de Young and
              M. H. Ribergaard and B. Lyberth},
     TITLE = {Acceleration of {J}akobshavn {I}sbr\ae~triggered by warm
              subsurface ocean waters},
   JOURNAL = {Nature Geoscience},
    VOLUME = {1},
     PAGES = {659--664},
       DOI = {10.1038/ngeo316},
      YEAR = {2008},
}


@article {HolmlundJanssonPettersson2005,
    AUTHOR = {P. Holmlund and P. Jansson and R. Pettersson},
     TITLE = {A re-analysis of the 58 year mass-balance record of
              {S}t\"orglaciaren, {S}weden},
   JOURNAL = {Ann. Glaciol.},
    VOLUME = {42},
     PAGES = {389--394},
      YEAR = {2005},
}


@article {Hooke,
    AUTHOR = {R. Hooke},
     TITLE = {Flow law for polycrystalline ice in glaciers: comparison of
              theoretical predictions, laboratory data, and field measurements},
   JOURNAL = {Rev. Geophys. Space. Phys.},
    VOLUME = {19},
    NUMBER = {4},
     PAGES = {664--672},
      YEAR = {1981},
}


@article {Hookeetal1997,
    AUTHOR = {R. Hooke and B. Hanson and N. Iverson and P. Jansson and U. Fischer},
     TITLE = {Rheology of till beneath {S}t\"orglaciaren, {S}weden},
   JOURNAL = {J. Glaciol.},
    VOLUME = {43},
    NUMBER = {143},
     PAGES = {172--179},
      YEAR = {1997},
}


@article {HowatJoughinScambos,
    AUTHOR = {Ian M. Howat and Ian Joughin and Ted A. Scambos},
     TITLE = {Rapid changes in ice discharge from {G}reenland outlet glaciers},
   JOURNAL = {Science},
    VOLUME = {315},
    NUMBER = {5818},
      YEAR = {2007},
     PAGES = {1559--1561},
       doi = {10.1126/science.1138478},
}


@article {HulbeMacAyeal,
    AUTHOR = {Christina L. Hulbe and Douglas R. MacAyeal},
     TITLE = {A new numerical model of coupled inland ice sheet, ice stream,
              and ice shelf flow and its application to the {W}est
              {A}ntarctic {I}ce {S}heet},
   JOURNAL = {J. Geophys. Res.},
    VOLUME = {104},
    NUMBER = {B11},
      YEAR = {1999},
     PAGES = {25349--25366},
}


@article {HumbertGreveHutter,
    AUTHOR = {A. Humbert and R. Greve and K. Hutter},
     TITLE = {Parameter sensitivity studies for the ice flow of the
              {R}oss {I}ce {S}helf, {A}ntarctica},
   JOURNAL = {J. Geophys. Res.},
    VOLUME = {110},
    NUMBER = {F04022},
       doi = {10.1029/2004JF000170},
      YEAR = {2005},
}


@book {HundsdorferVerwer2010,
    AUTHOR = {W. Hundsdorfer and J. G. Verwer},
     TITLE = {Numerical {S}olution of {T}ime-{D}ependent
              {A}dvection-{D}iffusion-{R}eaction {E}quations},
    SERIES = {Springer Series in Computational Mathematics},
 PUBLISHER = {Springer},
      YEAR = {2010},
}


@article {HunkeDukowicz97,
    AUTHOR = {E. Hunke and J. Dukowicz},
     TITLE = {An elastic-viscous-plastic model for sea ice dynamics},
   JOURNAL = {J. Phys. Oceanogr.},
    VOLUME = {27},
     PAGES = {1849--1867},
      YEAR = {1997},
}


@book {Hutter,
    AUTHOR = {K. Hutter},
     TITLE = {Theoretical {G}laciology},
 PUBLISHER = {D. Reidel},
      YEAR = {1983},
}


@article {Hutter93,
    AUTHOR = {K. Hutter},
     TITLE = {Thermomechanically coupled ice--sheet response:
              cold, polythermal, temperate},
   JOURNAL = {J. Glaciology},
    VOLUME = {39},
    NUMBER = {131},
     PAGES = {65--86},
      YEAR = {1993},
}


@inproceedings{HutterFreeBoundary,
  AUTHOR    = {K. Hutter},
  editor    = {I. Athanasopoulos and others},
  BOOKTITLE = {Free {B}oundary {P}roblems: {T}heory and {A}pplications},
  TITLE     = {Mathematical foundation of ice sheet and ice shelf
               dynamics: {A} physicist's view},
  PUBLISHER = {Chapman \& Hall},
  YEAR      = {1999},
  PAGES     = {192--203},
}


@article {Huybrechts02,
    AUTHOR = {P. Huybrechts},
     TITLE = {Sea-level changes at the {LGM} from ice-dynamic
              reconstructions of the {G}reenland and {A}ntarctic
              ice sheets during the glacial cycles},
   JOURNAL = {Quat. Sci. Rev.},
    VOLUME = {21},
     PAGES = {203--231},
      YEAR = {2002},
}


@article {Huybrechts90,
    AUTHOR = {P. Huybrechts},
     TITLE = {A 3--{D} model for the {A}ntarctic ice sheet: a sensitivity study
              on the glacial--interglacial contrast},
   JOURNAL = {Climate Dynamics},
    VOLUME = {5},
     PAGES = {79--92},
      YEAR = {1990},
}


@unpublished {HuybrechtsEISMINT,
    AUTHOR = {Ph. Huybrechts},
     TITLE = {Report of the {T}hird {EISMINT} {W}orkshop on {M}odel {I}ntercomparison},
      URL  = "http://homepages.vub.ac.be/~phuybrec/pdf/EISMINT3.Huyb.1998.pdf",
      YEAR = {1998},
      NOTE = {}
}


@article {HuybrechtsdeWolde,
    AUTHOR = {P. Huybrechts and J. de Wolde},
     TITLE = {The dynamic response of the {G}reenland and {A}ntarctic ice sheets
              to multiple-century climatic warming},
   JOURNAL = {J. Climate},
    VOLUME = {12},
     PAGES = {2169--2188},
      YEAR = {1999},
}


@article {Huybrechtsetal2004,
    AUTHOR = {P. Huybrechts and J. Gregory and I. Janssens and M. Wild},
     TITLE = {Modelling {A}ntarctic and {G}reenland volume changes
              during the 20th and 21st centuries forced by {GCM}
              time slice integrations},
   JOURNAL = {Global and Planetary Change},
    VOLUME = {42},
     PAGES = {83--105},
      YEAR = {2004},
}


@article{ISMIPHOM,
AUTHOR = {Pattyn, F. and twenty others},
TITLE = {Benchmark experiments for higher-order and full {S}tokes ice sheet models ({ISMIP-HOM})},
JOURNAL = {The Cryosphere},
VOLUME = {2},
YEAR = {2008},
PAGES = {95--108},
}


@incollection {Imbrieetal1984,
    AUTHOR = {J. Imbrie and eight others},
     TITLE = {The orbital theory of {P}leistocene climate: {S}upport from a revised
              chronology of the marine delta-{O}-18 record},
 BOOKTITLE = {Milankovitch and {C}limate: {U}nderstanding the
              {R}esponse to {A}stronomical {F}orcing},
 PUBLISHER = {D. Reidel},
     PAGES = {269--305},
      YEAR = {1984},
}


@article {IvinsJames2005,
    AUTHOR = {Erik R. Ivins and Thomas S. James},
     TITLE = {Antarctic glacial isostatic adjustment: a new assessment},
   JOURNAL = {Antarctic Science},
    VOLUME = {17},
    NUMBER = {4},
     PAGES = {537--549},
      YEAR = {2005},
}


@article{Jakobssonetal2008,
	Author = {Jakobsson, M. and Macnab, R. and Mayer, L. and Anderson, R. and Edwards, M. and Hatzky, J. and Schenke, H.W. and Johnson, P.},
	Journal = {Geophys. Res. Lett.},
	 url = {https://www.ngdc.noaa.gov/mgg/bathymetry/arctic/},
	Number = {7},
	Title = {An improved bathymetric portrayal of the {A}rctic {O}cean: {I}mplications for ocean
	         modeling and geological, geophysical and oceanographic analyses},
	Volume = {35},
	Year = {2008},
}


@article {JamesIvins1998,
    AUTHOR = {Thomas S. James and Erik R. Ivins},
     TITLE = {Predictions of {A}ntarctic crustal motions driven by present-day
              ice sheet evolution and by isostatic memory of the {L}ast {G}lacial
              {M}aximum},
   JOURNAL = {J. Geophys. Res.},
    VOLUME = {103},
     PAGES = {4993--5017},
      YEAR = {1998},
}


@article {JanssonPettersson2007,
    AUTHOR = {P. Jansson and R. Pettersson},
     TITLE = {Spatial and temporal characteristics of a long mass balance record,
              {S}t\"orglaciaren, {S}weden},
   JOURNAL = {Arctic, Antarctic and Alpine Research},
    VOLUME = {39},
    NUMBER = {3},
     PAGES = {432--437},
      YEAR = {2007},
}


@article{JaroschSchoofAnslow2013,
AUTHOR = {Jarosch, A. H. and Schoof, C. G. and Anslow, F. S.},
TITLE = {Restoring mass conservation to shallow ice flow models over complex terrain},
JOURNAL = {The Cryosphere},
VOLUME = {7},
YEAR = {2013},
NUMBER = {1},
PAGES = {229--240},
DOI = {10.5194/tc-7-229-2013},
}


@article {Jarosch2008,
    AUTHOR = {A. H. Jarosch},
     TITLE = {Icetools: a full {S}tokes finite element model for glaciers},
   JOURNAL = {Computers \& Geosciences},
    VOLUME = {34},
     PAGES = {1005--1014},
       DOI = {10.1016/j.cageo.2007.06.012},
      YEAR = {2008},
}


@article {Jenssen,
    AUTHOR = {D. Jenssen},
     TITLE = {A three--dimensional polar ice--sheet model},
   JOURNAL = {J. Glaciol.},
    VOLUME = {18},
     PAGES = {373--389},
      YEAR = {1977},
}


@article {Jezek03,
    AUTHOR = {K. Jezek},
     TITLE = {Observing the {A}ntarctic ice sheet using the {RADARSAT}-1 synthetic aperture radar},
   JOURNAL = {Polar Geography},
    VOLUME = {27},
    NUMBER = {3},
     PAGES = {197--209},
      YEAR = {2003},
}


@article {JohnsenetalGRIP,
    AUTHOR = {S. J. Johnsen and D. Dahl-Jensen and
              W. Dansgaard and N. Gundestrup},
     TITLE = {Greenland paleotemperatures derived from {GRIP}
              bore hole temperature and ice core isotope profiles},
   JOURNAL = {Tellus},
    VOLUME = {47B},
     PAGES = {624--629},
      YEAR = {1995},
}


@book {Johnson,
    AUTHOR = {Claes Johnson},
     TITLE = {Numerical solution of partial differential equations by
              the finite element method},
 PUBLISHER = {Cambridge University Press},
      YEAR = {1992},
}


@article {JohnsonFastook,
    AUTHOR = {J.V. Johnson and J. L. Fastook},
     TITLE = {Northern {H}emisphere glaciation and its sensitivity to
              basal melt water},
   JOURNAL = {Quat. Int.},
    VOLUME = {95},
     PAGES = {65--74},
      YEAR = {2002},
}


@article {Joughin2002,
    AUTHOR = {I. Joughin},
     TITLE = {Ice-sheet velocity mapping: a combined interferometric
              and speckle-tracking approach},
   JOURNAL = {Ann. Glaciol.},
    VOLUME = {34},
     PAGES = {195--201},
      YEAR = {2002},
}


@article {JoughinAbdalatiFahnestock,
    AUTHOR = {I. Joughin and W. Abdalati and M. Fahnestock},
     TITLE = {Large fluctuations in speed on {G}reenland's
              {J}akobshavn {I}sbr\ae~glacier},
   JOURNAL = {Nature},
    VOLUME = {432},
    NUMBER = {23},
      YEAR = {2004},
     PAGES = {608--610},
}


@article {JoughinMacAyealTulaczyk,
    AUTHOR = {I. Joughin and D. R. MacAyeal and S. Tulaczyk},
     TITLE = {Basal shear stress of the {R}oss ice streams from
              control method inversions},
   JOURNAL = {J. Geophys. Res.},
    VOLUME = {109},
    NUMBER = {B09405},
       doi = {10.1029/2003JB002960},
      YEAR = {2004},
}


@article{Joughinetal08,
author = {Joughin, Ian and Das, Sarah B. and King, Matt A. and
          Smith, Ben E. and Howat, Ian M. and Moon, Twila},
title = {{Seasonal Speedup Along the Western Flank of the Greenland Ice Sheet}},
journal = {Science},
volume = {320},
number = {5877},
pages = {781-783},
doi = {10.1126/science.1153288},
year = {2008},
url = {http://science.sciencemag.org/content/320/5877/781},
}


@article {Joughinetal1999northGreenland,
    AUTHOR = {I. Joughin and M. Fahnestock and R. Kwok and P. Gogineni and C. Allen},
     TITLE = {Ice flow of {H}umboldt, {P}etermann and {R}yder {G}letcher, northern {G}reenland},
   JOURNAL = {J. Glaciol.},
    VOLUME = {45},
    NUMBER = {150},
     PAGES = {231--241},
      YEAR = {1999},
}


@article {Joughinetal2001,
    AUTHOR = {I. Joughin and M. Fahnestock and D. MacAyeal and
              J. L. Bamber and P. Gogineni},
     TITLE = {Observation and analysis of ice flow in the largest
              {G}reenland ice stream},
   JOURNAL = {J. Geophys. Res.},
    VOLUME = {106},
    NUMBER = {D24},
      YEAR = {2001},
     PAGES = {34021--34034},
}


@article {Joughinetal2008JGR,
    AUTHOR = {I. Joughin and I. M. Howat and M. Fahnestock and B. Smith and
              W. Krabill and R. B. Alley and H. Stern and M. Truffer},
     TITLE = {Continued evolution of {J}akobshavn {I}sbrae following its rapid speedup},
   JOURNAL = {J. Geophys. Res.},
    VOLUME = {113},
    NUMBER = {F04006},
       doi = {10.1029/2008JF001023},
      YEAR = {2008},
}


@article {Joughinetal2009,
    AUTHOR = {I. Joughin and S. Tulaczyk and J. Bamber and D. Blankenship
              and J. Holt and T. Scambos and D. Vaughan},
     TITLE = {Basal conditions for {P}ine {I}sland and {T}hwaites {G}laciers,
              {W}est {A}ntarctica, determined using satellite and airborne data},
   JOURNAL = {J. Glaciol.},
    VOLUME = {55},
    NUMBER = {190},
      YEAR = {2009},
      PAGES = {245--257},
}


@article {Joughinetal2010,
    AUTHOR = {I. Joughin and B. E. Smith and I. M. Howat and T. Scambos and T. Moon},
     TITLE = {Greenland flow variability from ice-sheet-wide velocity mapping},
   JOURNAL = {J. Glaciol.},
    VOLUME = {56},
    NUMBER = {197},
      YEAR = {2010},
      PAGES = {415--430},
}

@article{Joughinetal2010-PIG,
  title={Sensitivity of 21st century sea level to ocean-induced thinning of {Pine Island Glacier, Antarctica}},
  author={Joughin, Ian and Smith, Benjamin E and Holland, David M},
  journal={Geophysical Research Letters},
  volume={37},
  number={20},
  year={2010},
}


@article{Joughinetal2014,
  title={Marine ice sheet collapse potentially under way for the {Thwaites Glacier Basin, West Antarctica}},
  author={Joughin, I. and Smith, B. and Medley, B.},
  journal={Science},
  volume={344},
  number={6185},
  pages={735--738},
  year={2014},
}


@article {JoughinetalGrBal97,
    AUTHOR = {I. Joughin and M. Fahnestock and S. Ekholm and R. Kwok},
     TITLE = {Balance velocities of the {G}reenland ice sheet},
   JOURNAL = {Geophysical Research Letters},
    VOLUME = {24},
    NUMBER = {23},
      YEAR = {1997},
     PAGES = {3045--3048},
}


@article {JouvetBueler2012,
    AUTHOR = {G. Jouvet and E. Bueler},
     TITLE = {Steady, shallow ice sheets as obstacle problems: well-posedness
              and finite element approximation},
   JOURNAL = {SIAM J. Appl. Math.},
    VOLUME = {72},
    NUMBER = {4},
     PAGES = {1292--1314},
       DOI = {10.1137/110856654},
      YEAR = {2012},
}


@article {JouvetRappaz2011,
    AUTHOR = {G. Jouvet and J. Rappaz},
     TITLE = {Analysis and finite element approximation of a nonlinear stationary
              {S}tokes problem arising in glaciology},
   JOURNAL = {Advances in Numerical Analysis},
    VOLUME = {2011},
     PAGES = {24 pages},
      YEAR = {2011},
}


@article {Jouvetetal2011,
    AUTHOR = {G. Jouvet and J. Rappaz and E. Bueler and H. Blatter},
     TITLE = {Existence and stability of steady state solutions of
              the shallow ice sheet equation by an energy minimization approach},
   JOURNAL = {J. Glaciol.},
    VOLUME = {57},
    NUMBER = {202},
      YEAR = {2011},
     PAGES = {345--354},
}


@article{Jouvetetal2012proc,
    AUTHOR = {G. Jouvet and E. Bueler and C. Gr\"aser and R. Kornhuber},
     TITLE = {A nonsmooth {N}ewton multigrid method for a hybrid, shallow model
              of marine ice sheets},
   JOURNAL = {AMS Contemporary Mathematics (SCA 2012)},
    VOLUME = {586},
       DOI = {10.1090/conm/586/11657},
      YEAR = {2013},
     PAGES = {197--205},
}


@article{Kamb1987,
  title={Glacier surge mechanism based on linked cavity configuration of the
         basal water conduit system},
  author={Kamb, B.},
  journal={J. Geophys. Res.},
  volume={92},
  number={B9},
  pages={9083--9100},
  year={1987},
}


@book{KarniadakisSherwin,
  title={Spectral/hp {E}lement {M}ethods for {C}omputational {F}luid {D}ynamics},
  author={G. Karniadakis and S. Sherwin},
  year={2013},
  edition={2nd},
  publisher={Oxford University Press},
}


@article {Katzetal07,
    AUTHOR = {R. Katz and M. Knepley and B. Smith and M. Spiegelman and E. Coon},
     TITLE = {Numerical simulation of geodynamic processes with the
              {P}ortable {E}xtensible {T}oolkit for {S}cientific computation},
   JOURNAL = {Phys. Earth Planet In.},
  FJOURNAL = {Physics of the Earth and Planetary Interiors},
    VOLUME = {163},
      YEAR = {2007},
     PAGES = {52--68},
}


@book {Kelley,
    AUTHOR = {C. T. Kelley},
     TITLE = {Solving Nonlinear Equations with Newton's Method},
    SERIES = {Fundamentals of Algorithms},
 PUBLISHER = {SIAM Press},
      YEAR = {1987},
}


@misc {KhroulevLipscombBueler,
    AUTHOR    = {C. Khroulev and W. Lipscomb and E. Bueler},
     TITLE    = {Developing a common coupling interface between ice-sheet and climate models},
 HOWPUBLISHED = {poster at International Glaciological Society symposium,
                 Fairbanks, AK},
      YEAR    = {2012},
}


@book {KinderlehrerStampacchia,
    AUTHOR = {David Kinderlehrer and Guido Stampacchia},
     TITLE = {An {I}ntroduction to {V}ariational {I}nequalities and their
              {A}pplications},
    SERIES = {Pure and Applied Mathematics},
 PUBLISHER = {Academic Press},
      YEAR = {1980},
}


@article {KlemannWolf,
    AUTHOR = {V. Klemann and D. Wolf},
     TITLE = {Implications of a ductile crustal layer for the deformation caused by
              the Fennoscandian ice sheet},
   JOURNAL = {Geophys. J. Int.},
    VOLUME = {139},
      YEAR = {1999},
     PAGES = {216--226},
}


@article {KnollKeyes2004,
    AUTHOR = {D. A. Knoll and D. E. Keyes},
     TITLE = {Jacobian-free {N}ewton-{K}rylov methods: a survey of approaches
              and applications},
   JOURNAL = {J. Comp. Phys.},
    VOLUME = {193},
      YEAR = {2004},
     PAGES = {357--397},
}


@article {Kondic,
    AUTHOR = {Kondic, L.},
     TITLE = {Instabilities in gravity driven flow of thin fluid films},
   JOURNAL = {SIAM Rev.},
    VOLUME = {45},
      YEAR = {2003},
    NUMBER = {1},
     PAGES = {95--115 (electronic)},
}


@book {Ladyzhenskaya,
    AUTHOR = {Ladyzhenskaya, O. A.},
     TITLE = {The {M}athematical {T}heory of {V}iscous {I}ncompressible {F}low},
    SERIES = {Revised English edition},
 PUBLISHER = {Gordon and Breach Science Publishers},
   ADDRESS = {New York},
      YEAR = {1963},
}


@article {LangenSolgaardHvidberg2012,
    AUTHOR = {P. Langen and A. Solgaard and C. Hvidberg},
     TITLE = {Self-inhibiting growth of the {G}reenland {I}ce {S}heet},
   JOURNAL = {Geophys. Res. Lett.},
    VOLUME = {39},
      YEAR = {2012},
    NUMBER = {L12502},
       DOI = {10.1029/2012GL051810},
}


@article {Larouretal2012,
    AUTHOR = {Larour, E. and Seroussi, H. and Morlighem, M. and Rignot, E.},
     TITLE = {Continental scale, high order, high spatial resolution, ice sheet
              modeling using the {Ice Sheet System Model (ISSM)}},
   JOURNAL = {J. Geophys. Res.},
    VOLUME = {117},
    NUMBER = {F01022},
       doi = {10.1029/2011JF002140},
      YEAR = {2012},
}


@article {LarouretalRonne,
    AUTHOR = {E. Larour and E. Rignot and I. Joughin and D. Aubry},
     TITLE = {Rheology of the {R}onne {I}ce {S}helf, {A}ntarctica, inferred from
              satellite radar interferometry data using an inverse control method},
   JOURNAL = {Geo. Res. Letters},
    VOLUME = {32},
    NUMBER = {L05503},
      YEAR = {2005},
       doi = {10.1029/2004GL021693},
}


@article {Larsenetal,
    AUTHOR = {Christopher F. Larsen and Roman J. Motyka and Jeffrey T. Freymuller
              and Keith A. Echelmeyer and Erik R. Ivins},
     TITLE = {Rapid viscoelastic uplift in southeast {A}laska caused by post-{L}ittle
              {I}ce {A}ge glacial retreat},
   JOURNAL = {Earth Planet. Sci. Lett.},
    VOLUME = {237},
      YEAR = {2005},
     PAGES = {548--560},
}


@article{LayberryBamber,
	Author = {R.L. Layberry and J.L. Bamber},
	fJournal = {Journal of Geophysical Research},
        JOURNAL = {J. Geophys. Res.},
	Pages = {33,781--33,788},
	Title = {A new ice thickness and bed data set for the {G}reenland
	         ice sheet 2: {R}elationship between dynamics and basal topography},
	Volume = {106 (D24)},
	Year = {2001},
}


@article{LeBrocqPayneSiegert2006,
author = "A. M. Le Brocq and A. J Payne and M. J Siegert",
title = "West {A}ntarctic balance calculations: {I}mpact of flux-routing algorithm, smoothing algorithm and topography",
journal = "Computers &amp; Geosciences",
volume = "32",
number = "10",
pages = "1780--1795",
year = "2006",
doi = "10.1016/j.cageo.2006.05.003",
url = "http://www.sciencedirect.com/science/article/pii/S0098300406000781",
}


@article {LeBrocqetal2009,
	author = "Le Brocq, A. and Payne, A. and Siegert, M. and Alley, R.",
	title = "A subglacial water-flow model for {W}est {A}ntarctica",
	journal = "J. Glaciol.",
	volume = "55",
	number = "193",
	year = "2009",
	pages = "879--888",
	doi = "10.3189/002214309790152564"
}


@Article{LeBrocqetal2010,
AUTHOR = {Le Brocq, A. M. and Payne, A. J. and Vieli, A.},
TITLE = {An improved {A}ntarctic dataset for high resolution numerical ice sheet models {(ALBMAP v1)}},
JOURNAL = {Earth System Science Data},
VOLUME = {2},
YEAR = {2010},
NUMBER = {2},
PAGES = {247--260},
URL = {https://www.earth-syst-sci-data.net/2/247/2010/},
DOI = {10.5194/essd-2-247-2010}
}


@article {LeMeurHuybrechts,
    AUTHOR = {E. Le Meur and P. Huybrechts},
     TITLE = {A comparison of different ways of dealing with isostasy: examples
              from modeling the {A}ntarctic ice sheet during the last glacial cycle},
   JOURNAL = {Annals of Glaciology},
    VOLUME = {23},
      YEAR = {1996},
     PAGES = {309--317},
}


@book {LeVeque,
    AUTHOR = {R. J. LeVeque},
     TITLE = {Finite Volume Methods for Hyperbolic Problems},
    SERIES = {Cambridge Texts in Applied Mathematics},
 PUBLISHER = {Cambridge University Press},
      YEAR = {2002},
}


@Article{Leguyetal2014,
AUTHOR = {Leguy, G. R. and Asay-Davis, X. S. and Lipscomb, W. H.},
TITLE = {Parameterization of basal friction near grounding lines in a one-dimensional ice sheet model},
JOURNAL = {The Cryosphere},
VOLUME = {8},
YEAR = {2014},
PAGES = {1239--1259},
DOI = {10.5194/tc-8-1239-2014}
}


@article{Lemieuxetal2011,
title = "Implementation of the Jacobian-free Newton-Krylov method for solving the first-order ice sheet momentum balance",
journal = "J. Computational Physics",
volume = "230",
number = "17",
pages = "6531 - 6545",
year = "2011",
doi = "10.1016/j.jcp.2011.04.037",
author = "Jean-Fran{\,c}ois Lemieux and Stephen F. Price and Katherine J. Evans and Dana Knoll and Andrew G. Salinger and David M. Holland and Antony J. Payne",
}


@article {Lengetal2012,
    AUTHOR = {Leng, W. and L. Ju and M. Gunzburger and S. Price and T. Ringler},
     TITLE = {A parallel high-order accurate finite element nonlinear {S}tokes
              ice sheet model and benchmark experiments},
   JOURNAL = {J. Geophys. Res.},
    VOLUME = {117},
      YEAR = {2012},
    NUMBER = {F01001},
       DOI = {10.1029/2011JF001962},
}


@article {Letreguillyetal1991,
    AUTHOR = {A. Letr\`eguilly and P. Huybrechts and N. Reeh},
     TITLE = {Steady-state characteristics of the {G}reenland ice sheet under
              different climates},
   JOURNAL = {J. Glaciol.},
    VOLUME = {37},
    NUMBER = {125},
     PAGES = {149--157},
      YEAR = {1991},
}


@article {Levermann2011,
    AUTHOR = {A. Levermann},
     TITLE = {When glacial giants roll over},
   JOURNAL = {Nature},
    VOLUME = {472},
     PAGES = {43--44},
      YEAR = {2011},
}


@Article{Levermannetal2012,
AUTHOR = {Levermann, A. and Albrecht, T. and Winkelmann, R. and Martin, M. A. and Haseloff, M. and Joughin, I.},
TITLE = {Kinematic first-order calving law implies potential for abrupt ice-shelf retreat},
JOURNAL = {The Cryosphere},
VOLUME = {6},
YEAR = {2012},
PAGES = {273--286},
URL = {https://www.the-cryosphere.net/6/273/2012/tc-6-273-2012.html},
}

@article{LewisPerkin1986,
author = {Lewis, E. L. and Perkin, R. G.},
title = {Ice pumps and their rates},
journal = {Journal of Geophysical Research: Oceans},
volume = {91},
number = {C10},
issn = {2156-2202},
doi = {10.1029/JC091iC10p11756},
pages = {11756--11762},
keywords = {Floods, Arctic and Antarctic oceanography, Ice mechanics and air/sea/ice exchange processes},
year = {1986},
}

@article {LeysingerVieliGudmundsson,
    AUTHOR = {G. J.-M. C. {Leysinger Vieli} and G. H. Gudmundsson},
     TITLE = {On estimating length fluctuations of glaciers caused
              by changes in climatic forcing},
   JOURNAL = {J. Geophys. Res.},
    VOLUME = {109},
      YEAR = {2004},
      NOTE = {F01007, doi:10.1029/2003JF000027}
}


@incollection {LingleBrown1987,
    AUTHOR = {C. S. Lingle and T. J. Brown},
     TITLE = {A subglacial aquifer bed model and water pressure-dependent
              basal sliding relationship for a {W}est {A}ntarctic ice stream},
    EDITOR = {C. J. Van der Veen and J. Oerlemans},
 BOOKTITLE = {Dynamics of the {W}est {A}ntarctic {I}ce {S}heet},
 PUBLISHER = {D. Reidel},
      YEAR = {1987},
}


@article {LingleClark,
    AUTHOR = {C. S. Lingle and J. A. Clark},
     TITLE = {A numerical model of interactions between a marine ice sheet and
              the solid earth: {A}pplication to a {W}est {A}ntarctic ice stream},
   JOURNAL = {J. Geophys. Res.},
    VOLUME = {90},
    NUMBER = {C1},
      YEAR = {1985},
     PAGES = {1100--1114},
}


@article {LingleTroshina,
    AUTHOR = {C. S. Lingle and E. N. Troshina},
     TITLE = {Relative magnitudes of shear and longitudinal strain rates in
              the inland {A}ntarctic ice sheet, and response to increasing
              accumulation},
   JOURNAL = {Ann. Glaciol.},
    VOLUME = {27},
      YEAR = {1998},
     PAGES = {187--193},
}


@article {LipenkovEtAl89,
    AUTHOR = {V. Lipenkov and N. I. Barkov and P. Duval and P. Pimienta},
     TITLE = {Crystalline texture of the 2083 m ice core at {V}ostok {S}tation,
              {A}ntarctica},
   JOURNAL = {J. Glaciol.},
    VOLUME = {35},
    NUMBER = {1},
      YEAR = {1989},
     PAGES = {392--398},
}


@Article{Livingstoneetal2013,
AUTHOR = {Livingstone, S. J. and Clark, C. D. and Woodward, J. and Kingslake, J.},
TITLE = {Potential subglacial lake locations and meltwater drainage pathways
         beneath the {A}ntarctic and {G}reenland ice sheets},
JOURNAL = {The Cryosphere},
VOLUME = {7},
YEAR = {2013},
NUMBER = {6},
PAGES = {1721--1740},
URL = {https://www.the-cryosphere.net/7/1721/2013/},
DOI = {10.5194/tc-7-1721-2013}
}


@article {LliboutryDuval1985,
    AUTHOR = {L. A. Lliboutry and P. Duval},
     TITLE = {Various isotropic and anisotropic ices found in glaciers and
              polar ice caps and their corresponding rheologies},
   JOURNAL = {Annales Geophys.},
    VOLUME = {3},
      YEAR = {1985},
     PAGES = {207--224},
}


@article{Luethi2002,
	Author = {M. L{\"u}thi and M. Funk and A. Iken and S. Gogineni and M. Truffer},
	Journal = {J. Glaciol.},
	Number = {162},
	Pages = {369\,--\,385},
	Title = {Mechanisms of fast flow in {J}akobshavns {I}sbr{\ae}, {G}reenland; {P}art {III}: measurements of ice deformation, temperature and cross-borehole conductivity in boreholes to the bedrock},
	Volume = {48},
	Year = {2002}
}


@article{Luethietal2009,
	Author = {M. L{\"u}thi and M. Fahnestock and M. Truffer},
	Title = {Correspondence: Calving icebergs indicate a thick layer of temperate
ice at the base of {J}akobshavn {I}sbrae, {G}reenland},
	Journal = {J. Glaciol.},
	Volume = {55},
	Number = {191},
	Pages = {563\,--\,566},
	Year = {2009}
}


@article{Luthckeetal2006,
author = {Luthcke, S. B. and Zwally, H. J. and Abdalati, W. and
Rowlands, D. D. and Ray, R. D. and Nerem, R. S. and Lemoine, F. G. and
McCarthy, J. J. and Chinn, D. S.},
title = {Recent Greenland Ice Mass Loss by Drainage System from
Satellite Gravity Observations},
volume = {314},
number = {5803},
pages = {1286-1289},
year = {2006},
doi = {10.1126/science.1130776},
journal = {Science}
}


@article{MISMIP2012,
 AUTHOR = {F. Pattyn and C. Schoof and L. Perichon and 15 others},
  TITLE = {Results of the {M}arine {I}ce {S}heet {M}odel {I}ntercomparison
           {P}roject, {MISMIP}},
JOURNAL = {The Cryosphere},
 VOLUME = {6},
   YEAR = {2012},
  PAGES = {573--588},
    DOI = {10.5194/tc-6-573-2012},
}


@article{MISMIP3d2013,
AUTHOR = {F. Pattyn and L. Perichon and G. Durand and 25 others},
TITLE = {Grounding-line migration in plan-view marine ice-sheet models: results of the ice2sea {MISMIP3d} intercomparison},
JOURNAL = {J. Glaciol.},
VOLUME = {59},
NUMBER = {215},
YEAR = {2013},
PAGES = {410--422},
}


@unpublished {MISMIPwebpage,
    AUTHOR = {Christian Schoof and Richard Hindmarsh and Frank Pattyn},
     TITLE = {{M}arine {I}ce {S}heet {M}odel {I}ntercomparison {P}roject},
       url = "http://homepages.ulb.ac.be/~fpattyn/mismip/",
      YEAR = {2008},
      NOTE = {}
}


@article {MacAyeal,
    AUTHOR = {D. R. MacAyeal},
     TITLE = {Large-scale ice flow over a viscous basal sediment: theory and
              application to ice stream {B}, {A}ntarctica},
   JOURNAL = {J. Geophys. Res.},
    VOLUME = {94},
    NUMBER = {B4},
      YEAR = {1989},
     PAGES = {4071--4087},
}


@article {MacAyealBarcilon,
    AUTHOR = {D. R. MacAyeal and V. Barcilon},
     TITLE = {Ice-shelf response to ice-stream discharge fluctuations:
              {I}. {U}nconfined ice tongues},
   JOURNAL = {J. Glaciol.},
    VOLUME = {34},
    NUMBER = {116},
      YEAR = {1988},
     PAGES = {121--127},
}


@unpublished {MacAyealLessons,
    AUTHOR = {MacAyeal, D.R.},
     TITLE = {{EISMINT}: {L}essons in {I}ce-{S}heet {M}odeling},
      NOTE = {Department of Geophysical Sciences, University of Chicago, 428 pages},
       URL = {http://homepages.vub.ac.be/~phuybrec/pdf/MacAyeal.lessons.pdf},
      YEAR = {1997},
}


@article {MacAyealetal,
    AUTHOR = {D. R. MacAyeal and V. Rommelaere and Ph. Huybrechts and C.L. Hulbe and
              J. Determann and C. Ritz},
     TITLE = {An ice-shelf model test based on the {R}oss ice shelf},
   JOURNAL = {Ann. Glaciol.},
    VOLUME = {23},
      YEAR = {1996},
     PAGES = {46--51},
}


@article {MacAyealtutorial,
    AUTHOR = {D. R. MacAyeal},
     TITLE = {A tutorial on the use of control methods in ice-sheet modeling},
   JOURNAL = {J. Glaciol.},
    VOLUME = {39},
    NUMBER = {131},
      YEAR = {1993},
     PAGES = {91--98},
}


@article {Mahaffy,
    AUTHOR = {M. W. Mahaffy},
     TITLE = {A three--dimensional numerical model of ice sheets: tests on the
              {B}arnes {I}ce {C}ap, {N}orthwest {T}erritories},
   JOURNAL = {J. Geophys. Res.},
    VOLUME = {81},
    NUMBER = {6},
     PAGES = {1059--1066},
      YEAR = {1976},
}


@article {MarshallClarke97a,
    AUTHOR = {S. J. Marshall and G. K. C. Clarke},
     TITLE = {A continuum mixture model of ice stream thermomechanics in the
              {L}aurentide {I}ce {S}heet: 1. {T}heory},
   JOURNAL = {J. Geophys. Res.},
    VOLUME = {102},
    NUMBER = {B9},
     PAGES = {20599--20613},
      YEAR = {1997},
}


@article {MarshallClarke97b,
    AUTHOR = {S. J. Marshall and G. K. C. Clarke},
     TITLE = {A continuum mixture model of ice stream thermomechanics in the
              {L}aurentide {I}ce {S}heet: 2. {A}pplication to the {H}udson
              {S}trait {I}ce {S}tream},
   JOURNAL = {J. Geophys. Res.},
    VOLUME = {102},
    NUMBER = {B9},
     PAGES = {20615--20637},
      YEAR = {1997},
}


@article {MarshallJamesClarke,
    AUTHOR = {S. J. Marshall and T. S. James and G. K. C. Clarke},
     TITLE = {North {A}merican {I}ce {S}heet reconstructions at the
              {L}ast {G}lacial {M}aximum},
   JOURNAL = {Quaternary Sci. Rev.},
    VOLUME = {21},
     PAGES = {175--192},
      YEAR = {2002},
}


@article {MartinHindmarshNavarro2009,
author = {C. Mart\'in and R. Hindmarsh and F. Navarro},
title = {On the effects of divide migration, along-ridge flow, and basal sliding
         on isochrones near an ice divide},
journal = {J. Geophys. Res. (Earth Surface)},
volume = {114},
number = {F2},
doi = {10.1029/2008JF001025},
year = {2009},
}


@Article{Martinetal2011,
AUTHOR = {Martin, M. A. and Winkelmann, R. and Haseloff, M. and
          Albrecht, T. and Bueler, E. and Khroulev, C. and Levermann, A.},
TITLE = {The {P}otsdam {P}arallel {I}ce {S}heet {M}odel ({PISM-PIK})
         --{P}art 2: {D}ynamic equilibrium simulation of the {A}ntarctic ice sheet},
JOURNAL = {The Cryosphere},
VOLUME = {5},
YEAR = {2011},
PAGES = {727--740},
}


@article {Maxwelletal2008,
    AUTHOR = {D. Maxwell and M. Truffer and S. Avdonin and M. Stuefer},
     TITLE = {An iterative scheme for determining glacier velocities
              and stresses},
   JOURNAL = {J. Glaciol.},
    VOLUME = {54},
    NUMBER = {188},
      YEAR = {2008},
     PAGES = {888--898},
}


@Article{MengelLevermann2014,
AUTHOR = {Mengel, M. and Levermann, A.},
TITLE = {Ice plug prevents irreversible discharge from East Antarctica},
JOURNAL = {Nature Clim. Change},
VOLUME = {4},
PAGES = {451--455},
DOI = {10.1038/nclimate2226},
YEAR = {2014},
}


@book {MetcalfReid,
    AUTHOR = {Michael Metcalf and John Reid},
     TITLE = {{FORTRAN} 90/95 {E}xplained},
   EDITION = {Second},
 PUBLISHER = {Oxford University Press},
      YEAR = {1999},
}


@article {MolerVanLoan,
    AUTHOR = {Moler, Cleve and Van Loan, Charles},
     TITLE = {Nineteen dubious ways to compute the exponential of a matrix,
              twenty-five years later},
   JOURNAL = {SIAM Rev.},
    VOLUME = {45},
      YEAR = {2003},
    NUMBER = {1},
     PAGES = {3--49 (electronic)},
}


@article {Moonetal2012,
    AUTHOR = {T. Moon and I. Joughin and B. Smith and I. Howat},
     TITLE = {21st-{C}entury evolution of {G}reenland outlet glacier velocities},
   JOURNAL = {Science},
    VOLUME = {336},
       DOI = {10.1126/science.1219985},
     PAGES = {576--578},
      YEAR = {2012},
}


@article {MooreKing08,
    AUTHOR = {P. Moore and M. A. King},
     TITLE = {Antarctic ice mass balance estimates from {GRACE}:
              {T}idal aliasing effects},
   JOURNAL = {J. Geophys. Res.},
    VOLUME = {113},
    NUMBER = {F02005},
       DOI = {10.1029/2007JF000871},
      YEAR = {2008},
}


@inproceedings{Morland,
  AUTHOR    = {L. W. Morland},
  editor    = {C. J. van der Veen and J. Oerlemans},
  BOOKTITLE = {Dynamics of the {W}est {A}ntarctic ice sheet},
  TITLE     = {Unconfined ice-shelf flow},
  PUBLISHER = {Kluwer Academic Publishers},
  YEAR      = {1987},
  PAGES     = {99--116},
}

@article {Morland97,
    AUTHOR = {L. W. Morland},
     TITLE = {Radially symmetric ice sheet flow},
   JOURNAL = {Phil. Trans. R. Soc. Lond. A},
    VOLUME = {355},
      YEAR = {1997},
     PAGES = {1873--1904},
}

@article {MorlandJohnson,
    AUTHOR = {L. W. Morland and I. R. Johnson},
     TITLE = {Steady motion of ice sheets},
   JOURNAL = {J. Glaciol.},
    VOLUME = {25},
    NUMBER = {92},
      YEAR = {1980},
     PAGES = {229--246},
}


@inproceedings{MorlandZainuddin,
  AUTHOR    = {L. W. Morland and R. Zainuddin},
  editor    = {C. J. van der Veen and J. Oerlemans},
  BOOKTITLE = {Dynamics of the {W}est {A}ntarctic ice sheet},
  TITLE     = {Plane and radial ice-shelf flow with prescribed temperature profile},
  PUBLISHER = {Kluwer Academic Publishers},
  YEAR      = {1987},
  PAGES     = {117--140},
}


@article{Morlighem2016,
author = {Morlighem, M. and Bondzio, J. and Seroussi, H. and Rignot, E. and Larour, E. and Humbert, A. and Rebuffi, S.},
doi = {10.1002/2016GL067695},
journal = {Geophysical Research Letters},
keywords = {10.1002/2016GL067695 and glaciology,Store Gletscher,calving,ice-ocean interactions,inverse modeling},
pages = {n/a--n/a},
title = {{Modeling of Store Gletscher's calving dynamics, West Greenland, in response to ocean thermal forcing}},
url = {https://agupubs.onlinelibrary.wiley.com/doi/full/10.1002/2016GL067695},
year = {2016}
}


@article {Morlighemetal2010,
    AUTHOR = {M. Morlighem and E. Rignot and H. Seroussi and
              E. Larour and H. Ben Dhia and D. Aubry},
     TITLE = {Spatial patterns of basal drag inferred using control
              methods from a full-{S}tokes and simpler models for
              {P}ine {I}sland {G}lacier, {W}est {A}ntarctica},
   JOURNAL = {Geophys. Res. Lett.},
    VOLUME = {37},
    NUMBER = {L14502},
      YEAR = {2010},
     doi = {10.1029/2010GL043853},
}


@book {MortonMayers,
    AUTHOR = {K. W. Morton and D. F. Mayers},
     TITLE = {Numerical {S}olutions of {P}artial {D}ifferential {E}quations:
              {A}n {I}ntroduction},
 PUBLISHER = {Cambridge University Press},
 edition   = {2nd},
      YEAR = {2005},
}


@techreport {NPARCTutorial,
    AUTHOR = {John W. Slater},
     TITLE = {Tutorial on {CFD} {V}erification and {V}alidation},
     URL   = {https://www.grc.nasa.gov/WWW/wind/valid/tutorial/tutorial.html},
      INSTITUTION = {NPARC Alliance},
      TYPE = {Web site tutorial},
      NOTE = {Much of the material follows AIAA G-077-1998, ``Guide for the
              Verification and Validation of Computational Fluid Dynamics
              Simulations.''},
      YEAR = {2001},
}


@book{NocedalWright,
  title={Numerical {O}ptimization},
  author={Nocedal, J. and Wright, S.J.},
  year={1999},
  publisher={Springer}
}


@article{Nowicki2013AntarcticaSeaRISE,
 AUTHOR = {Nowicki, S. and 30 others},
  TITLE = {Insights into spatial sensitivities of ice mass response to environmental change from the SeaRISE ice sheet modeling project: I. Antarctica},
JOURNAL = {J. Geophys. Res.: Earth Surface},
VOLUME = {118},
NUMBER = {2},
PAGES = {1002--1024},
doi = {10.1002/jgrf.20081},
year = {2013},
}


@article{Nowicki2013GreenlandSeaRISE,
 AUTHOR = {Nowicki, S. and 30 others},
  TITLE = {Insights into spatial sensitivities of ice mass response to environmental change from the SeaRISE ice sheet modeling project: II. Greenland},
   YEAR = {2013},
JOURNAL = {J. Geophys. Res.: Earth Surface},
VOLUME = {118},
NUMBER = {2},
PAGES = {1025--1044},
doi = {10.1002/jgrf.20076},
}


@article {Nye,
    AUTHOR = {J. F. Nye},
     TITLE = {The distribution of stress and velocity in glaciers and
              ice-sheets},
   JOURNAL = {Proc. Royal Soc. London A},
    VOLUME = {239},
     PAGES = {113--133},
      YEAR = {1957},
}


@article {Nye00,
    AUTHOR = {J. F. Nye},
     TITLE = {A flow model for the polar caps of {M}ars},
   JOURNAL = {J. Glaciol.},
    VOLUME = {46},
    NUMBER = {154},
     PAGES = {438--444},
      YEAR = {2000},
}


@article{Nye1976,
  title={Water flow in glaciers: {J}\"okulhlaups, tunnels and veins},
  author={J. F. Nye},
  journal={J. Glaciol.},
  volume={17},
  number={76},
  year={1976},
  pages={181--207},
}


@article {Nye52,
    AUTHOR = {J. F. Nye},
     TITLE = {The mechanics of glacier flow},
   JOURNAL = {J. Glaciol.},
    VOLUME = {2},
    NUMBER = {2},
     PAGES = {82--93},
      YEAR = {1952},
}

@article {Nye52plastic,
    AUTHOR = {J. F. Nye},
     TITLE = {A method of calculating the thicknesses of the ice-sheets},
   JOURNAL = {Nature},
    VOLUME = {169},
    NUMBER = {4300},
     PAGES = {529--530},
      YEAR = {1952},
}


@article {NyeIcarus2000,
    AUTHOR = {J. F. Nye and W. B. Durham and P. M. Schenk and J. M. Moore},
     TITLE = {The instability of a {S}outh {P}olar {C}ap on {M}ars
              composed of carbon dioxide},
   JOURNAL = {Icarus},
    VOLUME = {144},
       doi = {10.1006/icar.1999.6306},
     PAGES = {449--455},
      YEAR = {2000},
}


@book{Ockendonetal2003,
    AUTHOR = {J. Ockendon and S. Howison and A. Lacey and S. Movchan},
     TITLE = {Applied {P}artial {D}ifferential {E}quations},
 PUBLISHER = {Oxford University Press},
   EDITION = {revised},
      YEAR = {2003},
}


@book{Oerlemans2008minimal,
    AUTHOR = {J. H. Oerlemans},
     TITLE = {Minimal {G}lacier {M}odels},
 PUBLISHER = {Igitur, Utrecht Publishing \& Archiving Services},
   ADDRESS = {Utrecht},
      YEAR = {2008},
}


@book{OerlemansVeen,
    AUTHOR = {H. Oerlemans and C. J. van der Veen},
     TITLE = {Ice {S}heets and {C}limate},
 PUBLISHER = {D. Reidel},
      YEAR = {1984},
}


@article {Oerlemansetal,
    AUTHOR = {J. Oerlemans and ten others},
     TITLE = {Modelling the response of glaciers to climate warming},
   JOURNAL = {Climate Dynamics},
    VOLUME = {14},
     PAGES = {267--274},
      YEAR = {1998},
}


@article {Ohmura87,
    AUTHOR = {A. Ohmura},
     TITLE = {New temperature distribution maps for {G}reenland},
   JOURNAL = {Z. Gletscherkd. Glazialgeol.},
    VOLUME = {23},
    NUMBER = {1},
     PAGES = {1--45},
      YEAR = {1987},
}


@article {OhmuraReeh,
    AUTHOR = {A. Ohmura and N. Reeh},
     TITLE = {New precipitation and accumulation maps for {G}reenland},
   JOURNAL = {J. Glaciol.},
    VOLUME = {37},
    NUMBER = {125},
     PAGES = {140--148},
      YEAR = {1991},
}

@article{OlbersHellmer2010,
    title={A box model of circulation and melting in ice shelf caverns},
    author={Olbers, Dirk and Hellmer, Hartmut},
    journal={Ocean Dynamics},
    volume={60},
    number={1},
    pages={141--153},
    year={2010},
    publisher={Springer}
}

@article{Oreskesetal94,
    AUTHOR = {N. Oreskes and K. Shrader-Frechette and K. Belitz},
     TITLE = {Verification, Validation, and Confirmation of Numerical Models in the Earth Sciences},
   JOURNAL = {Science},
    VOLUME = {263},
    NUMBER = {5147},
     PAGES = {641--646},
      YEAR = {1994},
}


@article {Orowan,
    AUTHOR = {E. Orowan},
     TITLE = {Discussion},
   JOURNAL = {J. Glaciol.},
    VOLUME = {1},
    NUMBER = {5},
     PAGES = {231--236},
      YEAR = {1949},
}


@unpublished {POLICEwebpage,
    AUTHOR = {Philippe Huybrechts},
     TITLE = {{ISMIP-POLICE}: A new intercomparison exercise to assess model uncertainties
              in polar ice sheet simulations under future climatic warming conditions},
       URL = "http://homepages.vub.ac.be/~phuybrec/police.html",
      YEAR = {2008},
      NOTE = {}
}


@article {PaigeSaunders1982,
    AUTHOR = {C. Paige and M. Saunders},
     TITLE = {{LSQR}: {A}n algorithm for sparse linear equations and sparse
              least squares},
   JOURNAL = {ACM Transactions on Mathematical Software},
    VOLUME = {8},
    NUMBER = {1},
     PAGES = {43--71},
      YEAR = {1982},
}


@book{Parker,
  title={Geophysical {I}nverse {T}heory},
  author={R. Parker},
  year={1994},
  publisher={Princeton University Press},
}


@article {Parreninetal04,
    AUTHOR = {F. Parrenin and F. Remy and C. Ritz and M. J. Siegert and J. Jouzel},
     TITLE = {New modeling of the {V}ostok ice flow line and implication
              for the glaciological chronology of the {V}ostok ice core},
   JOURNAL = {J. Geophys. Res.},
    VOLUME = {109},
    PAGES = {D20102},
       DOI = {10.1029/2004JD004561},
      YEAR = {2004},
}


@article{Parreninetal2006,
	author = "F. Parrenin and R. Hindmarsh and F. Remy",
	title = "Analytical solutions for the effect of topography, accumulation
	         rate and lateral flow divergence on isochrone layer geometry",
	journal = "J. Glaciol.",
	volume = "52",
	number = "177",
	year = "2006",
	pages = "191--202",
}


@book{Paterson,
    AUTHOR = {W. S. B. Paterson},
     TITLE = {The {P}hysics of {G}laciers},
 PUBLISHER = {Pergamon},
   EDITION = {3rd},
      YEAR = {1994},
}


@article {PatersonBudd,
    AUTHOR = {W. S. B. Paterson and W. F. Budd},
     TITLE = {Flow parameters for ice sheet modeling},
   JOURNAL = {Cold Reg. Sci. Technol.},
    VOLUME = {6},
    NUMBER = {2},
     PAGES = {175--177},
      YEAR = {1982},
}


@article {Pattyn03,
    AUTHOR = {Frank Pattyn},
     TITLE = {A new three-dimensional higher-order thermomechanical ice sheet model:
              {B}asic sensitivity, ice stream development, and ice flow across subglacial
              lakes},
   JOURNAL = {J. Geophys. Res.},
    VOLUME = {108},
    NUMBER = {B8},
       DOI = {10.1029/2002JB002329},
      YEAR = {2003},
}


@article {PattynDeBrabanderHuyghe,
    AUTHOR = {Frank Pattyn and Sand De Brabander and Ann Huyghe},
     TITLE = {Basal and thermal control mechanisms of the {R}agnhild glaciers,
              {E}ast {A}ntarctica},
   JOURNAL = {Ann. Glaciol.},
    VOLUME = {40},
     PAGES = {225--231},
      YEAR = {2005},
}


@article {PattynDeSmedtSouchez,
    AUTHOR = {F. Pattyn and B. De Smedt and R. Souchez},
     TITLE = {Influence of subglacial {L}ake {V}ostok on the regional ice dynamics
              of the {A}ntarctic ice sheet: a model study},
   JOURNAL = {J. Glaciol.},
    VOLUME = {50},
    NUMBER = {171},
     PAGES = {583--589},
      YEAR = {2004},
}


@article {PayneBaldwin,
    AUTHOR = {A. J. Payne and D. J. Baldwin},
     TITLE = {Analysis of ice--flow instabilities identified in the {EISMINT}
              intercomparison exercise},
   JOURNAL = {Ann. Glaciol.},
    VOLUME = {30},
     PAGES = {204--210},
      YEAR = {2000},
}


@article {PayneDongelmans,
    AUTHOR = {A. J. Payne and P. W. Dongelmans},
     TITLE = {Self--organization in the thermomechanical flow of ice sheets},
   JOURNAL = {J. Geophys. Res.},
    VOLUME = {102},
    NUMBER = {B6},
     PAGES = {12219--12233},
      YEAR = {1997},
}


@article{PeglerListerWorster2012,
author = {S. S. Pegler and J. R. Lister and M. G. Worster},
title = {Release of a viscous power-law fluid over an inviscid ocean},
journal = {J. Fluid Mech.},
volume = {700},
year = {2012},
pages = {63--76},
doi = {10.1017/jfm.2012.91},
}


@article{PeglerWorster2012,
author = {S. S. Pegler and M. G. Worster},
title = {Dynamics of a viscous layer flowing radially over an inviscid ocean},
journal = {J. Fluid Mech.},
volume = {696},
year = {2012},
pages = {152--174},
doi = {10.1017/jfm.2012.21},
}


@article{Pegleretal2013,
  title={Lateral controls on grounding-line dynamics},
  author={Pegler, S. S. and Kowal, K. and Hasenclever, L. and Worster, M. G.},
  journal={J. Fluid Mech.},
  volume={722},
  pages={R1},
  year={2013},
}


@article {PelissierReynaud,
    AUTHOR = {M. C. P\`elissier and L. Reynaud},
     TITLE = {\'{E}tude d'un mod\`ele d'\'ecoulement de glacier},
      JOURNAL = {C. R. Acad. Sci. Paris},
      VOLUME = {279},
      NUMBER = {13},
      PAGES = {531--534},
      YEAR = {1974},
}


@article {Peltier,
    AUTHOR = {W. R. Peltier},
     TITLE = {The impulse response of a {M}axwell earth},
   JOURNAL = {Rev. Geophys. Space Phys.},
    VOLUME = {12},
     PAGES = {649--669},
      YEAR = {1974},
}


@article {Peltier1998review,
    AUTHOR = {W. R. Peltier},
     TITLE = {Postglacial variations in the level of the sea: {I}mplications
              for climate dynamics and solid-earth geophysics},
   JOURNAL = {Rev. Geophys.},
    VOLUME = {36},
    NUMBER = {4},
     PAGES = {603--689},
      YEAR = {1998},
}


@article {Peltieretal,
    AUTHOR = {W. R. Peltier and D. L. Goldsby and D. L. Kohlstedt and L. Tarasov},
     TITLE = {Ice--age ice--sheet rheology: constraints from the last {G}lacial
              {M}aximum form of the {L}aurentide ice sheet},
   JOURNAL = {Ann. Glaciol.},
    VOLUME = {30},
     PAGES = {163--176},
      YEAR = {2000},
}


@book{Peyret,
    AUTHOR = {R. Peyret},
     TITLE = {Spectral {M}ethods for {I}ncompressible {V}iscous {F}low},
 PUBLISHER = {Springer},
    SERIES = {Applied Mathematical Sciences},
    VOLUME = {148},
      YEAR = {2002},
}

@article{Pfefferetal2008,
author = {W. T. Pfeffer and J. T. Harper and S. O'Neel},
journal = {Science},
title = {Kinematic constraints on glacier contributions to 21st-century
         sea-level rise},
volume = {321},
year = {2008},
pages = {1340--1343},
}


@article{PhillipsRajaramSteffan2010,
author = {Phillips, T. and Rajaram, H. and Steffen, K.},
doi = {10.1029/2010GL044397},
journal = {Geophy. Res. Lett.},
number = {20},
pages = {1--5},
title = {{Cryo-hydrologic warming: A potential mechanism for rapid thermal response of ice sheets}},
volume = {37},
year = {2010}
}


@article {Picassoetal04,
    AUTHOR = {Picasso, Marco and Rappaz, Jacques and Reist, Adrian and Funk,
              Martin and Blatter, Heinz},
     TITLE = {Numerical simulation of the motion of a two-dimensional
              glacier},
   JOURNAL = {Internat. J. Numer. Methods Engrg.},
    VOLUME = {60},
      YEAR = {2004},
    NUMBER = {5},
     PAGES = {995--1009},
}


@article {PierceValid,
    AUTHOR = {D. W. Pierce},
     TITLE = {Beyond the {M}eans: {V}alidating {C}limate {M}odels with {H}igher-{O}rder {S}tatistics},
   JOURNAL = {Computing in Science and Engineering},
    VOLUME = {6},
    NUMBER = {5},
     PAGES = {22--29},
      YEAR = {2004},
}


@article {PimentelFlowers2011,
    AUTHOR = {Pimentel, S. and G. Flowers},
     TITLE = {A numerical study of hydrologically driven glacier dynamics and subglacial flooding},
   JOURNAL = {Proc. R. Soc. A},
    VOLUME = {467},
     PAGES = {537--558},
       DOI = {10.1098/rspa.2010.0211},
      YEAR = {2011},
}


@article {PimentelFlowersSchoof2010,
    AUTHOR = {Pimentel, S. and G. Flowers and C. Schoof},
     TITLE = {A hydrologically coupled higher-order flow-band model of ice dynamics
              with a {C}oulomb friction sliding law},
   JOURNAL = {J. Geophys. Res.},
    VOLUME = {115},
    NUMBER = {F04023},
       DOI = {10.1029/2009JF001621},
      YEAR = {2010},
}


@article {Pollacketal,
    AUTHOR = {H. N. Pollack and S. J. Hurter and J. R. Johnson},
     TITLE = {Heat flow from the {E}arth's interior: analysis
              of the global data set},
      YEAR = {1993},
   JOURNAL = {Rev. Geophys.},
    VOLUME = {31},
    NUMBER = {3},
     PAGES = {267--280},
}


@incollection {PollardDeConto,
    AUTHOR = {D. Pollard and R. M. DeConto},
     TITLE = {A coupled ice-sheet/ice-shelf/sediment model applied to a
              marine-margin flowline: {F}orced and unforced variations},
    EDITOR = {M. J. Hambrey and others},
 BOOKTITLE = {Glacial {S}edimentary {P}rocesses and {P}roducts},
 PUBLISHER = {Blackwell Publishing Ltd.},
      YEAR = {2007},
      NOTE = {Special Publication Number 39 of the International Association
              of Sedimentologists},
}


@article {PollardDeConto2009WAIS,
    AUTHOR = {David Pollard and Robert M. DeConto},
     TITLE = {Modelling {W}est {A}ntarctic ice sheet growth and collapse
              through the past five million years},
      YEAR = {2009},
   JOURNAL = {Nature},
    VOLUME = {458},
       DOI = {10.1038/nature07809},
     PAGES = {329--333},
}


@book {PostLaChapelle,
    AUTHOR = {A. Post and E. R. LaChapelle},
     TITLE = {Glacier {I}ce},
   EDITION = {revised},
 PUBLISHER = {University of Washington Press and
              International Glaciological Society},
      YEAR = {2000},
}


@article {PralongFunk,
    AUTHOR = {A. Pralong and M. Funk},
     TITLE = {Dynamic damage model of crevasse opening and
              application to glacier calving},
   JOURNAL = {J. Geophys. Res.},
    VOLUME = {110},
    NUMBER = {B01309},
       doi = {10.1029/2004JB003104},
      YEAR = {2005},
}


@book {Pressetal,
    AUTHOR = {W. H. Press and S. A. Teukolsky and W. T. Vetterling
              and B. P. Flannery},
     TITLE = {Numerical {R}ecipes in {C}: {T}he {A}rt of {S}cientific
              {C}omputing},
   EDITION = {2nd},
 PUBLISHER = {Cambridge University Press},
      YEAR = {1992},
}


@article {Priceetal2011,
    AUTHOR = {S. Price and A. Payne and I. Howat and B. Smith},
     TITLE = {Committed sea-level rise for the next century from {G}reenland
              ice sheet dynamics during the past decade},
   JOURNAL = {Proc. Nat. Acad. Sci.},
  FJOURNAL = {Proceedings of the National Academy of Sciences of the USA},
    VOLUME = {108},
    NUMBER = {22},
       doi = {10.1073/pnas.1017313108},
      YEAR = {2011},
     PAGES = {8978--8983},
}


@article{Pritchardetal2010,
author = {H. D. Pritchard and S.B. Luthcke and A.H. Fleming},
title = {Understanding ice-sheet mass balance: progress in satellite
         altimetry and gravimetry},
journal = {J. Glaciol.},
volume = {56},
year = {2010},
number = {200},
pages = {1151--1161},
}


@article {RIGGS1,
    AUTHOR = {C. R. Bentley},
     TITLE = {The {R}oss {I}ce shelf {G}eophysical and {G}laciological {S}urvey ({RIGGS}):
              {I}ntroduction and summary of measurments performed},
      YEAR = {1984},
   JOURNAL = {Antarctic Research Series},
    VOLUME = {42},
    NUMBER = {1},
     PAGES = {1--20},
}


@article {RIGGS2,
    AUTHOR = {C. R. Bentley},
     TITLE = {Glaciological studies on the {R}oss {I}ce {S}helf, {A}ntarctica, 1973--1978},
      YEAR = {1984},
   JOURNAL = {Antarctic Research Series},
    VOLUME = {42},
    NUMBER = {2},
     PAGES = {21--53},
}


@article{Rahmstorfetal2007,
    AUTHOR = {S. Rahmstorf and others},
     TITLE = {Recent climate observations compared to projections},
   JOURNAL = {Science},
    VOLUME = {316},
    NUMBER = {5825},
     PAGES = {709},
      YEAR = {2007},
       doi = {10.1126/science.1136843},
}


@article {RappazReist05,
    AUTHOR = {Rappaz, Jacques and Reist, Adrian},
     TITLE = {Mathematical and numerical analysis of a three-dimensional
              fluid flow model in glaciology},
   JOURNAL = {Math. Models Methods Appl. Sci. (M3AS)},
    VOLUME = {15},
      YEAR = {2005},
    NUMBER = {1},
     PAGES = {37--52},
}


@article {Raviart,
    AUTHOR = {P. A. Raviart},
     TITLE = {Sur la r\'esolution de certaines equations paraboliques non lin\'eaires},
      JOURNAL = {J. Functional Anal.},
      VOLUME = {5},
      PAGES = {299--328},
      YEAR = {1970},
}


@article {Raymond1971,
    AUTHOR = {C. F. Raymond},
     TITLE = {Determination of the three-dimensional velocity field in a glacier},
      JOURNAL = {J. Glaciol.},
      VOLUME = {10},
      NUMBER = {58},
      PAGES = {39--53},
      YEAR = {1971},
}


@article {Raymondenergy,
    AUTHOR = {C. F. Raymond},
     TITLE = {Energy balance of ice streams},
      JOURNAL = {J. Glaciol.},
      VOLUME = {46},
      NUMBER = {155},
      PAGES = {665--647},
      YEAR = {2000},
}


@book {ReedSimon,
    AUTHOR = {Reed, Michael and Simon, Barry},
     TITLE = {Methods of {M}odern {M}athematical {P}hysics {I}},
   EDITION = {2nd},
 PUBLISHER = {Academic Press},
      YEAR = {1980},
}


@article {Reehetal,
    AUTHOR = {Niels Reeh and Erik Lintz Christensen and Christoph Mayer
              and Ole B. Olesen},
     TITLE = {Tidal bending of glaciers: a linear viscoelastic approach},
      YEAR = {2003},
   JOURNAL = {Ann. Glaciol.},
    VOLUME = {37},
    NUMBER = {1},
     PAGES = {83--89},
}

@article{ReeseAlbrecht2018,
  AUTHOR ={Reese, Ronja and Albrecht, Torsten and Mengel, Matthias and Asay-Davis, Xylar and Winkelmann, Ricarda},
   TITLE = {Antarctic sub-shelf melt rates via PICO},
 JOURNAL = {The Cryosphere},
  VOLUME = {12},
    YEAR = {2018},
  NUMBER = {6},
   PAGES = {1969--1985},
     URL = {https://www.the-cryosphere.net/12/1969/2018/},
     DOI = {10.5194/tc-12-1969-2018}
}


@article {Reynaud,
    AUTHOR = {L. Reynaud},
     TITLE = {Flow of a valley glacier with a solid friction law},
      JOURNAL = {J. Glaciol.},
      VOLUME = {12},
      NUMBER = {65},
      PAGES = {251--258},
      YEAR = {1973},
}


@article {RignotKanagaratnam2008,
    AUTHOR = {E. Rignot and P. Kanagaratnam},
     TITLE = {Changes in the velocity structure of the {G}reenland {I}ce {S}heet},
      JOURNAL = {Science},
      VOLUME = {311},
      PAGES = {986--990},
      DOI = {10.1126/science.1121381},
      YEAR = {2008},
}


@article{Rignotetal2011,
author = {Rignot, E. and Mouginot, J. and Scheuchl, B.},
title = {Ice flow of the {A}ntarctic {I}ce {S}heet},
volume = {333},
number = {6048},
pages = {1427--1430},
year = {2011},
doi = {10.1126/science.1208336},
journal = {Science},
}


@unpublished {RitzEISMINT,
    AUTHOR = {C. Ritz},
     TITLE = {{EISMINT} {I}ntercomparison {E}xperiment: {C}omparison of existing
              {G}reenland models},
      YEAR = {1997},
      note = {},
      URL = {http://homepages.vub.ac.be/~phuybrec/eismint/greenland.html},
}


@article {RitzFabreLetreguilly,
    AUTHOR = {C. Ritz and A. Fabre and A. Letr\'eguilly},
     TITLE = {Sensitivity of a {G}reenland ice sheet model to ice flow and
              ablation parameters: consequences for the evolution through the last
              glacial cycle},
   JOURNAL = {Climate Dyn.},
    VOLUME = {13},
    NUMBER = {1},
     PAGES = {11--24},
      YEAR = {1997},
}


@article {Ritzetal2001,
    AUTHOR = {Catherine Ritz and Vincent Rommelaere and Christophe Dumas},
     TITLE = {Modeling the evolution of {A}ntarctic ice sheet over the last 420,000 years:
              {I}mplications for altitude changes in the {V}ostok region},
   JOURNAL = {J. Geophys. Res.},
    VOLUME = {106},
    NUMBER = {D23},
     PAGES = {31943--31964},
      YEAR = {2001},
}


@book {Roache,
    AUTHOR = {Roache, P.J.},
     TITLE = {{V}erification and {V}alidation in {C}omputational {S}cience and
              {E}ngineering},
 PUBLISHER = {Hermosa Publishers},
   ADDRESS = {Albuquerque, New Mexico},
      YEAR = {1998},
}


@article {RoacheCSE,
    AUTHOR = {P. J. Roache},
     TITLE = {Building {PDE} codes to be {V}erifiable and {V}alidatable},
   JOURNAL = {Computing in Science and Engineering},
    VOLUME = {6},
    NUMBER = {5},
     PAGES = {30--38},
      YEAR = {2004},
}


@article{Robeletal2014,
  title={Rapid grounding line migration induced by internal ice stream variability},
  author={Robel, A. and Schoof, C. and Tziperman, E.},
  journal={Journal of Geophysical Research: Earth Surface},
  volume={119},
  number={11},
  pages={2430--2447},
  year={2014},
}


@book{Rodrigues,
  title = {Obstacle {P}roblems in {M}athematical {P}hysics},
  publisher = {North-Holland Publishing Co.},
  year = {1987},
  author = {Rodrigues, J.F.},
  volume = {134},
  pages = {xvi+352},
  series = {North-Holland Mathematics Studies},
  address = {Amsterdam},
}


@inproceedings{RodriguesUrbano,
  AUTHOR =       {J. F. Rodrigues and J. M. Urbano},
  BOOKTITLE =        "Free {B}oundary {P}roblems: {T}heory and {A}pplications",
  TITLE =  "On the mathematical analysis of a valley glacier model",
  PUBLISHER =    "Chapman \& Hall",
  SERIES = "CRC Res. Notes Math.",
  VOLUME = "409",
  PAGES = "237--245",
  YEAR =         "1999",
}


@article{RogozhinaRau2014,
  author={Rogozhina, I. and Rau, D.},
  title={Vital role of daily temperature variability in surface mass balance parameterizations of the Greenland Ice Sheet},
  journal={The Cryosphere},volume=8,pages={575-585},year=2014,
  doi={10.5194/tc-8-575-2014}}


@article {RommelaereMacAyeal,
    AUTHOR = {V. Rommelaere and D. R. MacAyeal},
     TITLE = {Large-scale rheology of the {R}oss {I}ce {S}helf, {A}ntarctica, computed
              by a control method},
   JOURNAL = {Ann. Glaciol.},
    VOLUME = {24},
     PAGES = {43--48},
      YEAR = {1997},
}


@book {Saad,
    AUTHOR = {Yousef Saad},
     TITLE = {Iterative {M}ethods for {S}parse {L}inear {S}ystems},
   EDITION = {second},
 PUBLISHER = {SIAM Press},
      YEAR = {2003},
}


@article {SaitoAbeOuchi,
    AUTHOR = {F. Saito and A. Abe-Ouchi},
     TITLE = {Sensitivity of {G}reenland ice sheet simulation to the numerical
              procedure employed for ice-sheet dynamics},
   JOURNAL = {Ann. Glaciol.},
    VOLUME = {42},
    NUMBER = {1},
      YEAR = {2005},
     PAGES = {331--336},
}


@article {SaitoEISMINT,
    AUTHOR = {F. Saito and A. Abe-Ouchi and H. Blatter},
     TITLE = {European {I}ce {S}heet {M}odelling {I}nitiative ({EISMINT}) model
              intercomparison experiments with first-order mechanics},
   JOURNAL = {J. Geophys. Res.},
    VOLUME = {111},
    NUMBER = {{F}02012},
       doi = {10.1029/2004JF000273},
      YEAR = {2006},
}


@article {SaitoMargin,
    AUTHOR = {F. Saito and A. Abe-Ouchi and H. Blatter},
     TITLE = {An improved numerical scheme to compute horizontal gradients at
              the ice-sheet margin: its effect on the simulated ice thickness
              and temperature},
   JOURNAL = {Ann. Glaciol.},
    VOLUME = {46},
     PAGES = {87--96},
      YEAR = {2007},
}

@article{SargentFastook2010,
    AUTHOR = {Sargent, A. and Fastook, J. L.},
     TITLE = {Manufactured analytical solutions for isothermal full-Stokes ice sheet models},
   JOURNAL = {The Cryosphere},
    VOLUME = {4},
      YEAR = {2010},
    NUMBER = {3},
     PAGES = {285--311},
       URL = {https://www.the-cryosphere.net/4/285/2010/},
       DOI = {10.5194/tc-4-285-2010},
}

@article {SavagePaterson,
    AUTHOR = {J. C. Savage and W. S. B. Paterson},
     TITLE = {Borehole measurements in the {A}thabasca {G}lacier},
   JOURNAL = {J. Geophys. Res.},
    VOLUME = {68},
     PAGES = {4521--4536},
      YEAR = {1963},
}


@article{SayagPeglerWorster2012,
author = {R. Sayag and S. S. Pegler and M. G. Worster},
title = {Floating extensional flows},
year = {2012},
journal = {Physics of Fluids},
volume = {24},
number = {9},
doi = {10.1063/1.4747184}
}


@article{SayagWorster2013,
author = {R. Sayag and M. G. Worster},
title = {Axisymmetric gravity currents of power-law fluids over a rigid horizontal surface},
journal = {J. Fluid Mech.},
volume = {716},
year = {2013},
doi = {10.1017/jfm.2012.545},
}


@article {Scambosetal2005,
    AUTHOR = {T. Scambos and O. Sergienko and A. Sargent
              and D. MacAyeal and J. Fastook},
     TITLE = {{ICES}at profiles of tabular iceberg margins and
              iceberg breakup at low latitudes},
   JOURNAL = {Geophys. Res. Let.},
    VOLUME = {32},
    NUMBER = {L23S09},
       DOI = {10.1029/2005GL023802},
      YEAR = {2005},
}


@book {Schey,
    AUTHOR = {H. M. Schey},
     TITLE = {div, grad, curl, and all that: an informal text on vector calculus},
 PUBLISHER = {W. W. Norton},
   EDITION = {4th},
      YEAR = {2005},
}


@article {Schoof2005cavitation,
    AUTHOR = {Schoof, C.},
     TITLE = {The effect of cavitation on glacier sliding},
   JOURNAL = {Proc. R. Soc. A},
    VOLUME = {461},
     PAGES = {609--627},
       doi = {10.1098/rspa.2004.1350},
      YEAR = {2005},
}


@article{Schoof2007deformable,
  title={Cavitation on deformable glacier beds},
  author={Schoof, Christian},
  journal={SIAM J. Appl. Math.},
  volume={67},
  number={6},
  pages={1633--1653},
  year={2007},
}


@article {SchoofCoulombBlatter,
    AUTHOR = {Schoof, C.},
     TITLE = {Coulomb  friction and other sliding laws in a higher order glacier
              flow model},
   JOURNAL = {Math. Models Methods Appl. Sci. (M3AS)},
       DOI = {10.1142/S0218202510004180},
    VOLUME = {20},
     ISSUE = {1},
     PAGES = {157--189},
      YEAR = {2010},
}


@article {SchoofHewitt2013,
    AUTHOR = {C. Schoof and I. J. Hewitt},
     TITLE = {Ice-sheet dynamics},
   JOURNAL = {Annu. Rev. Fluid Mech.},
    VOLUME = {45},
     PAGES = {217--239},
      YEAR = {2013},
}


@article {SchoofHindmarsh,
    AUTHOR = {Schoof, C. and Hindmarsh, R.},
     TITLE = {Thin-film flows with wall slip: an asymptotic analysis
              of higher order glacier flow models},
   JOURNAL = {Quart. J. Mech. Appl. Math.},
      YEAR = {2010},
    VOLUME = {63},
    NUMBER = {1},
     PAGES = {73--114},
       DOI = {10.1093/qjmam/hbp025},
}


@article {SchoofMargins,
    AUTHOR = {Schoof, C.},
     TITLE = {On the mechanics of ice-stream shear margins},
   JOURNAL = {J. Glaciol.},
    VOLUME = {50},
    NUMBER = {169},
     PAGES = {208--218},
      YEAR = {2004},
}


@article {SchoofMarine1,
    AUTHOR = {Schoof, C.},
     TITLE = {Marine ice-sheet dynamics. {P}art 1.  {T}he case of rapid sliding},
   JOURNAL = {J. Fluid Mech.},
  FJOURNAL = {Journal of Fluid Mechanics},
    VOLUME = {573},
      YEAR = {2007},
     PAGES = {27--55},
}


@article {SchoofMarine2,
    AUTHOR = {C. Schoof},
     TITLE = {{Marine ice sheet dynamics. Part 2: A Stokes Flow contact problem}},
   JOURNAL = {J. Fluid Mech.},
      YEAR = {2011},
    VOLUME = {679},
     PAGES = {122--255},
}


@article {SchoofStream,
    AUTHOR = {Schoof, C.},
     TITLE = {A variational approach to ice stream flow},
   JOURNAL = {J. Fluid Mech.},
  FJOURNAL = {Journal of Fluid Mechanics},
    VOLUME = {556},
      YEAR = {2006},
     PAGES = {227--251},
}


@article {SchoofTill,
    AUTHOR = {Schoof, C.},
     TITLE = {Variational methods for glacier flow over plastic till},
   JOURNAL = {J. Fluid Mech.},
  FJOURNAL = {Journal of Fluid Mechanics},
    VOLUME = {555},
      YEAR = {2006},
     PAGES = {299--320},
}


@article {Schoofbasaltopg2003,
    AUTHOR = {Schoof, C.},
     TITLE = {The effect of basal topography on ice sheet dynamics},
   JOURNAL = {Continuum Mech. Thermodyn.},
    VOLUME = {15},
     PAGES = {295--307},
      YEAR = {2003},
       DOI = {10.1007/s00161-003-0119-3},
}


@article {Schoofetal2012,
    AUTHOR = {C. Schoof and I. J. Hewitt and M. A. Werder},
     TITLE = {Flotation and free surface flow in a model for
              subglacial drainage.  {P}art {I}: {D}istributed drainage},
   JOURNAL = {J. Fluid Mech.},
    VOLUME = {702},
     PAGES = {126--156},
      YEAR = {2012},
}


@article {Schoofformdrag2002,
    AUTHOR = {Schoof, C.},
     TITLE = {Basal perturbations under ice streas: form drag and surface
              expression},
   JOURNAL = {J. Glaciol.},
    VOLUME = {48},
    NUMBER = {162},
     PAGES = {407--416},
      YEAR = {2002},
}


@article {Schoofmarinedynamics,
    AUTHOR = {Schoof, C.},
     TITLE = {Ice sheet grounding line dynamics: Steady states, stability, and hysteresis},
   JOURNAL = {J. Geophys. Res.},
    VOLUME = {112},
      YEAR = {2007},
      NOTE = {F03S28, doi:10.1029/2006JF000664},
}


@article {Schoofmeltsupply,
    AUTHOR = {C. Schoof},
     TITLE = {Ice sheet acceleration driven by melt supply variability},
   JOURNAL = {Nature},
      YEAR = {2010},
    VOLUME = {468},
    NUMBER = {7325},
     PAGES = {803--806},
}


@article{Seguinot2013,
  author={Seguinot, J.},
  title={Spatial and seasonal effects of temperature variability in a positive degree day surface melt model},
  journal={J. Glaciol.},
  volume=59,
  number=218,
  year=2013,
  pages={1202-1204},
  doi={10.3189/2013JoG13J081}
}


@article{SeguinotRogozhina2014,
  author  = {Seguinot, J. and Rogozhina, I.},
  title   = {Daily temperature variability predetermined by thermal conditions over ice sheet surfaces},
  journal = {J. Glaciol.},
  year    = {2014},
  doi     = {10.3189/2014JoG14J036}
}


@article {ShapiroRitzwoller,
    AUTHOR = {N. M. Shapiro and M. H. Ritzwoller},
     TITLE = {Inferring surface heat flux distributions guided by a global
              seismic model: particular application to {A}ntarctica},
   JOURNAL = {Earth Planet. Sci. Lett.},
    VOLUME = {223},
      YEAR = {2004},
     PAGES = {213--224},
       URL = {http://ciei.colorado.edu/~nshapiro/MODEL/ASC_VERSION/hfmap.asc.gz},
}


@article {ShepardWingham,
    AUTHOR = {Andrew Shepard and Duncan Wingham},
     TITLE = {Recent sea-level contributions of the {A}ntarctic and {G}reenland ice sheets},
   JOURNAL = {Science},
    VOLUME = {315},
      YEAR = {2007},
     PAGES = {1529--1532},
      doi  = {10.1126/science.1136776},
}


@incollection{Shewchuk1996,
author = {J. R. Shewchuk},
title = {Triangle:  {E}ngineering a {2D} {Q}uality {M}esh {G}enerator and
  {D}elaunay {T}riangulator},
booktitle = {Applied Computational Geometry: Towards Geometric Engineering},
editor = {M. Lin and D. Manocha},
series = {Lecture Notes in Computer Science},
volume = 1148,
publisher = {Springer-Verlag},
pages = {203--222},
year = 1996,
}


@article{Shreve1972,
  title={Movement of water in glaciers},
  author={Shreve, R.},
  journal={J. Glaciol},
  volume={11},
  number={62},
  pages={205--214},
  year={1972},
}


@inbook{Siegertetal2007,
title={Hydrological connections between {A}ntarctic subglacial lakes,
       the flow of water beneath the {E}ast {A}ntarctic Ice Sheet and
       implications for sedimentary processes},
author={Siegert, M. and Le Brocq, A. and Payne, A.},
booktitle={{Glacial Sedimentary Processes and Products}},
editor={Michael J. Hambrey and Poul Christoffersen and Neil F. Glasser and Bryn Hubbard},
year={2007},
pages={3--10},
publisher={Wiley-Blackwell},
address={Malden, MA, USA},
}

@article {SmithMorland,
    AUTHOR = {G. Smith and L. Morland},
     TITLE = {Viscous relations for the steady creep of polycrytalline ice},
   JOURNAL = {Cold. Reg. Sci. Tech.},
    VOLUME = {5},
      YEAR = {1981},
     PAGES = {141--150},
}

@book{Smithetal1996,
  title={Domain decomposition: parallel multilevel methods for
         elliptic partial differential equations},
  author={Smith, B. and Bjorstad, P. and Gropp, W.},
  year={1996},
  publisher={Cambridge University Press}
}

@book {Sneddon,
    AUTHOR = {Ian N. Sneddon},
     TITLE = {{F}ourier {T}ransforms},
 PUBLISHER = {McGraw-Hill Book Company},
   ADDRESS = {New York},
      YEAR = {1951},
}


@article{SolgaardLangen2012,
author = {A. Solgaard and P. Langen},
title = {Multistability of the Greenland ice sheet and the effects of an adaptive mass balance formulation},
year = {2012},
journal = {Climate Dynamics},
doi = {10.1007/s00382-012-1305-4},
}


@article{Solgaardetal2011,
 Author = {Solgaard, A.M. and Reeh, N. and Japsen, P. and Nielsen, T.},
Journal = {Journal of Glaciology},
 Number = {205},
  Pages = {871--880},
  Title = {Snapshots of the Greenland ice sheet configuration in the
           Pliocene to early Pleistocene},
 Volume = {57},
   Year = {2011},
    doi = {10.3189/002214311798043816},
}


@Article{Sorensenetal2011,
AUTHOR = {Sorensen, L. S. and Simonsen, S. B. and 6 others},
TITLE = {Mass balance of the Greenland ice sheet (2003-2008) from ICESat data - the impact of interpolation, sampling and firn density},
JOURNAL = {The Cryosphere},
VOLUME = {5},
YEAR = {2011},
NUMBER = {1},
PAGES = {173--186},
URL = {https://www.the-cryosphere.net/5/173/2011/},
DOI = {10.5194/tc-5-173-2011}
}


@book {Strikwerda,
    AUTHOR = {John C. Strikwerda},
     TITLE = {Finite {D}ifference {S}chemes and {P}artial {D}ifferential
              {E}quations},
 PUBLISHER = {Wadsworth},
   ADDRESS = {Pacific Grove, California},
      YEAR = {1989},
}

@book{Tarantola,
 AUTHOR    = {Tarantola, Albert},
 TITLE     = {Inverse Problem Theory and Methods for Model Parameter
              Estimation},
 YEAR      = {2004},
 PUBLISHER = {SIAM Press},
}


@article {TarasovPeltier,
    AUTHOR = {L. Tarasov and W. R. Peltier},
     TITLE = {Greenland glacial history and local geodynamic consequences},
   JOURNAL = {Geophys. J. Int.},
    VOLUME = {150},
      YEAR = {2002},
     PAGES = {198--229},
}


@article {TarasovPeltier2004,
    AUTHOR = {L. Tarasov and W. R. Peltier},
     TITLE = {A geophysically constrained large ensemble analysis of the
              deglacial history of the {N}orth {A}merican ice-sheet complex},
   JOURNAL = {Quaternary Science Reviews},
    VOLUME = {23},
      YEAR = {2004},
     PAGES = {359--388},
}


@article {Tarasovetal2011,
    AUTHOR = {L. Tarasov and A. S. Dyke and R. M. Neal and W. R. Peltier},
     TITLE = {A data-calibrated distribution of deglacial chronologies for
              the {N}orth {A}merican ice complex from glaciological modeling},
   JOURNAL = {Earth Planet. Sci. Lett.},
      YEAR = {2011},
     NOTE = {in press},
}


@article {Thorsteinsson2001,
    AUTHOR = {T. Thorsteinsson},
     TITLE = {An analytical approach to deformation of
              anisotropic ice-crystal aggregates},
   JOURNAL = {J. Glaciol.},
    VOLUME = {47},
    NUMBER = {158},
      YEAR = {2001},
     PAGES = {507--516},
}

@article{Tomkin2007,
year={2007},
author = {Jonathan H. Tomkin},
title = {Coupling glacial erosion and tectonics at active orogens: A numerical modeling study},
journal = {Journal of Geophysical Research: Earth Surface},
volume = {112},
number = {F2},
pages = {},
doi = {10.1029/2005JF000332},
url = {https://agupubs.onlinelibrary.wiley.com/doi/full/10.1029/2005JF000332},
}

@book {Trefethen,
    AUTHOR = {L. N. Trefethen},
     TITLE = {Spectral {M}ethods in {MATLAB}},
 PUBLISHER = {SIAM Press},
      YEAR = {2000},
}


@book {Trefethen2013,
    AUTHOR = {L. N. Trefethen},
     TITLE = {Approximation {T}heory and {A}pproximation {P}ractice},
 PUBLISHER = {SIAM Press},
      YEAR = {2013},
}


@book {TrefethenBau,
    AUTHOR = {L. N. Trefethen and D. Bau},
     TITLE = {Numerical {L}inear {A}lgebra},
 PUBLISHER = {SIAM Press},
      YEAR = {1997},
}

@article {TrufferEchelmeyer,
    AUTHOR = {M. Truffer and K. Echelmeyer},
     TITLE = {Of isbrae and ice streams},
   JOURNAL = {Ann. Glaciol.},
    VOLUME = {36},
    NUMBER = {1},
      YEAR = {2003},
     PAGES = {66--72},
}

@article {TrufferEchelmeyerHarrison2001,
author = "M. Truffer and K. Echelmeyer and W. Harrison",
title = "Implications of till deformation on glacier dynamics",
journal = "J. Glaciol.",
volume = "47",
number = "156",
year = "2001",
pages = "123-134",
doi = "10.3189/172756501781832449",
}

@article {TrufferFahnestock,
    AUTHOR = {M. Truffer and M. Fahnestock},
     TITLE = {Rethinking ice sheet time scales},
   JOURNAL = {Science},
    VOLUME = {315},
    NUMBER = {5818},
      YEAR = {2007},
     PAGES = {1508--1510},
      doi  = {10.1126/science.1140469},
}


@article {TrufferHarrison2006,
    AUTHOR = {M. Truffer and W. Harrison},
     TITLE = {In situ measurements of till deformation and water pressure},
   JOURNAL = {J. Glaciol.},
    VOLUME = {52},
    NUMBER = {177},
      YEAR = {2006},
     PAGES = {175--182},
}


@article {TrufferHarrisonEchelmeyer2000,
    AUTHOR = {M. Truffer and K. Echelmeyer and W. Harrison},
     TITLE = {Glacier motion dominated by processes deep in underlying till},
   JOURNAL = {J. Glaciol.},
    VOLUME = {46},
    NUMBER = {153},
      YEAR = {2000},
     PAGES = {213--221},
}


@article {Tulaczyketal2000,
    AUTHOR = {S. Tulaczyk and W. B. Kamb and H. F. Engelhardt},
     TITLE = {Basal mechanics of {I}ce {S}tream {B}, {W}est {A}ntarctica 1.~{T}ill mechanics},
   JOURNAL = {J. Geophys. Res.},
    VOLUME = {105},
    NUMBER = {{B}1},
      YEAR = {2000},
     PAGES = {463--481},
}


@article {Tulaczyketal2000b,
    AUTHOR = {S. Tulaczyk and W. B. Kamb and H. F. Engelhardt},
     TITLE = {Basal mechanics of {I}ce {S}tream {B}, {W}est {A}ntarctica 2.~{U}ndrained plastic bed model},
   JOURNAL = {J. Geophys. Res.},
    VOLUME = {105},
    NUMBER = {{B}1},
      YEAR = {2000},
     PAGES = {483--494},
}


@article {VandenBergetal2006,
    AUTHOR = {J. Van den Berg and R. S. W. Van de Wal and J. Oerlemans},
     TITLE = {Effects of spatial discretization in ice-sheet modelling
              using the shallow-ice approximation},
   JOURNAL = {J. Glaciol.},
    VOLUME = {52},
    NUMBER = {176},
      YEAR = {2006},
     PAGES = {89--98},
}


@article {VaughanArthern,
    AUTHOR = {David G. Vaughan and Robert Arthern},
     TITLE = {Why is it hard to predict the future of ice sheets?},
   JOURNAL = {Science},
    VOLUME = {315},
    NUMBER = {5818},
      YEAR = {2007},
     PAGES = {1503--1504},
      doi  = {10.1126/science.1141111},
}


@article {Vaughanetal99,
    AUTHOR = {D. Vaughan and J. Bamber and M. Giovinetto and J. Russell and A. P. Cooper},
     TITLE = {Reassessment of net surface mass balance in {A}ntarctica},
   JOURNAL = {J. Climate},
    VOLUME = {12},
      YEAR = {1999},
     PAGES = {933--946},
}


@inproceedings{VazquezOldPME,
  AUTHOR =       {J. L. Vazquez},
  editor =       "Delfour",
  BOOKTITLE =        "Shape Optimization and Free Boundaries",
  TITLE =  "An introduction to the mathematical theory of the porous medium
            equation",
  PUBLISHER =    "Kluwer",
  YEAR =         "1992",
}


@book {VazquezPME,
    AUTHOR = {V{\'a}zquez, Juan Luis},
     TITLE = {The {P}orous {M}edium {E}quation},
    SERIES = {Oxford Mathematical Monographs},
 PUBLISHER = {The Clarendon Press Oxford University Press},
   ADDRESS = {Oxford},
      YEAR = {2007},
}


@article {Vazquezetal2003,
    author = {C. V\'azquez and E. Schiavi and J. Durany and J. I. D\'iaz and N. Calvo},
     TITLE = {On a doubly nonlinear parabolic obstacle problem modelling
              ice sheet dynamics},
      YEAR = {2003},
   JOURNAL = {SIAM J. Appl. Math.},
    VOLUME = {63},
    NUMBER = {2},
     PAGES = {683--707},
       doi = {10.1137/S0036139901385345},
}


@article {VelicognaWahr06,
    AUTHOR = {I. Velicogna and J. Wahr},
     TITLE = {Measurements of time-variable gravity show mass
              loss in {A}ntarctica},
   JOURNAL = {Science},
    VOLUME = {311},
    NUMBER = {5768},
      YEAR = {2006},
     PAGES = {1754--1756},
      doi  = {10.1126/science.1123785},
}


@inproceedings{Vialov,
  AUTHOR =       {S. S. Vialov},
  BOOKTITLE = {International Association of Scientific Hydrology Publication 47
              (Symposium at Chamonix 1958---Physics of the movement of ice)},
  TITLE = {Regularities of glacial shields movement and the theory of plastic
           viscous flow},
  YEAR  = {1958},
  PAGES = {266-275},
}


@article {VieliPayne,
    AUTHOR = {A. Vieli and A. J. Payne},
     TITLE = {Assessing the ability of numerical ice sheet models to
              simulate grounding line migration},
      YEAR = {2005},
   JOURNAL = {J. Geophysical Research},
    VOLUME = {110},
      NOTE = {F01003, doi:10.1029/2004JF000202},
}


@book{Vogel,
 AUTHOR    = {Vogel, Curtis R.},
 TITLE     = {Computational Methods for Inverse Problems},
 YEAR      = {2002},
 PUBLISHER = {Society for Industrial and Applied Mathematics},
 ADDRESS   = {Philadelphia, PA, USA},
}


@article {VostokCore,
    AUTHOR = {{{EPICA} community members}},
     TITLE = {Eight glacial cycles from an {A}ntarctic ice core},
      YEAR = {2004},
   JOURNAL = {Nature},
    VOLUME = {429},
     PAGES = {623--628},
       doi = {10.1038/nature02599},
}


@phdthesis{Waddington,
    AUTHOR = {E. D. Waddington},
     TITLE = {Accurate modelling of glacier flow},
INSTITUTION = {University of British Columbia},
    SCHOOL = {University of British Columbia},
      YEAR = {1981},
}


@article {Walder1982,
    AUTHOR = {J. S. Walder},
     TITLE = {Stability of sheet flow of water beneath temperate
              glaciers and implications for glacier surging},
   JOURNAL = {J. Glaciol.},
    VOLUME = {28},
    NUMBER = {99},
      YEAR = {1982},
     PAGES = {273--293},
}


@article{Wangetal2013,
   author = {{Wang}, Q. and {Danilov}, S. and {Sidorenko}, D. and {Timmermann}, R. and
	{Wekerle}, C. and {Wang}, X. and {Jung}, T. and {Schr{\"o}ter}, J.
	},
    title = "{The Finite Element Sea ice-Ocean Model (FESOM): formulation of an unstructured-mesh ocean general circulation model}",
  journal = {Geoscientific Model Development Discussions},
     year = 2013,
    month = jul,
   volume = 6,
    pages = {3893-3976},
      doi = {10.5194/gmdd-6-3893-2013},
   adsurl = {http://adsabs.harvard.edu/abs/2013GMDD....6.3893W},
  adsnote = {Provided by the SAO/NASA Astrophysics Data System}
}


@book {Watson,
    AUTHOR = {Watson, G. N.},
     TITLE = {A {T}reatise on the {T}heory of {B}essel {F}unctions},
 PUBLISHER = {Cambridge University Press},
   ADDRESS = {New York},
      YEAR = {1966},
}


@article {Weertman,
    AUTHOR = {J. Weertman},
     TITLE = {The theory of glacier sliding},
   JOURNAL = {J. Glaciol.},
    VOLUME = {5},
      YEAR = {1964},
     PAGES = {287--303},
}


@article {Weertman61stability,
    AUTHOR = {J. Weertman},
     TITLE = {Stability of ice-age ice sheets},
   JOURNAL = {J. Geophys. Res.},
    VOLUME = {66},
      YEAR = {1961},
     PAGES = {3783--3792},
}


@article {WeisGreveHutter,
    AUTHOR = {M. Weis and R. Greve and K. Hutter},
     TITLE = {Theory of shallow ice shelves},
   JOURNAL = {Continuum Mech. Thermodyn.},
    VOLUME = {11},
    NUMBER = {1},
      YEAR = {1999},
     PAGES = {15--50},
}


@article{Werderetal2013,
  title={Modeling channelized and distributed subglacial drainage in two dimensions},
  author={Werder, M. and Hewitt, I. and Schoof, C. and Flowers, G.},
  journal={J Geophys. Res.: Earth Surface},
  volume={118},
  number={4},
  pages={2140--2158},
  year={2013},
}


@book {Wesseling,
    AUTHOR = {Pieter Wesseling},
     TITLE = {Principles of {C}omputational {F}luid {D}ynamics},
 PUBLISHER = {Springer-Verlag},
      YEAR = {2001},
}


@article{WinkelmannLevermann2012,
AUTHOR = {Winkelmann, R. and Levermann, A.},
TITLE = {Linear response functions to project contributions to future sea level},
JOURNAL = {Climate Dynamics},
VOLUME = {38},
YEAR = {2012},
URL = {http://www.pik-potsdam.de/~anders/publications/winkelmann_levermann12c.pdf},
PAGES = {in press},
}


@Article{Winkelmannetal2011,
AUTHOR = {Winkelmann, R. and Martin, M. A. and Haseloff, M. and Albrecht, T. and Bueler, E. and Khroulev, C. and Levermann, A.},
TITLE = {The {P}otsdam {P}arallel {I}ce {S}heet {M}odel ({PISM-PIK}) {P}art 1: {M}odel description},
JOURNAL = {The Cryosphere},
VOLUME = {5},
YEAR = {2011},
PAGES = {715--726},
}


@article{Winkelmannetal2012,
 AUTHOR = {Winkelmann, R. and A. Levermann and K. Frieler and M.A. Martin},
  TITLE = {Increased future ice discharge from Antarctica owing to higher snowfall},
   YEAR = {2012},
JOURNAL = {Nature},
 VOLUME = {492},
  PAGES = {239--242},
}


@book {Wunsch1996,
    AUTHOR = {C. Wunsch},
     TITLE = {The {O}cean {C}irculation {I}nverse {P}roblem},
 PUBLISHER = {Cambridge University Press},
      YEAR = {1996},
}


@article{Xu2013,
abstract = {We present three-dimensional, high-resolution simulations of ice melting at the calving face of Store Glacier, a tidewater glacier in West Greenland, using the Massachusetts Institute of Technology general circulation model. We compare the simulated ice melt with an estimate derived from oceanographic data. The simulations show turbulent upwelling and spreading of the freshwater-laden plume along the ice face and the vigorous melting of ice at rates of meters per day. The simulated August 2010 melt rate of 2.0±0.3 m/d is within uncertainties of the melt rate of 3.0±1.0 m/d calculated from oceanographic data. Melting is greatest at depth, above the subglacial channels, causing glacier undercutting. Melt rates increase proportionally to thermal forcing raised to the power of 1.2–1.6 and to subglacial water flux raised to the power of 0.5–0.9. Therefore, in a warmer climate, Store Glacier melting by ocean may increase from both increased ocean temperature and subglacial discharge.},
author = {Xu, Yun and Rignot, Eric and Fenty, Ian and Menemenlis, Dimitris and Flexas, M. Mar},
doi = {10.1002/grl.50825},
journal = {Geophysical Research Letters},
keywords = {Greenland,climate change,glaciology,hydrology,ocean modeling},
number = {17},
pages = {4648--4653},
title = {{Subaqueous melting of Store Glacier, west Greenland from three-dimensional, high-resolution numerical modeling and ocean observations}},
volume = {40},
year = {2013}
}


@unpublished{ZiemenEGU2012poster,
  AUTHOR = {Ziemen, F. and C. Rodehacke and U. Mikolajewicz},
  TITLE = {{LGM} ice sheets simulated with a complex fully coupled ice sheet--climate model},
  YEAR = {2012},
  NOTE = {poster presented at EGU General Assembly, Vienna, Austria},
  URL = {http://www.mpimet.mpg.de/fileadmin/staff/ziemenflorian/florian_ziemen_egu_2012.pdf},
}


@article {ZwallyGiovinetto2001,
    AUTHOR = {Zwally, H. J. and M. B. Giovinetto},
     TITLE = {Balance mass flux and ice velocity across the equilibrium line
              in drainage systems of {G}reenland},
   JOURNAL = {J. Geophys. Res.},
    VOLUME = {106},
    NUMBER = {D24},
      YEAR = {2001},
     PAGES = {33717--33728},
       doi = {10.1029/2001JD900120},
}


@article {Zwallyetal02,
    AUTHOR = {H. Jay Zwally and Waleed Abdalati and Tom Herring and Kristine Larson and
              Jack Saba and Konrad Steffen},
     TITLE = {Surface melt-induced acceleration of {G}reenland ice-sheet flow},
   JOURNAL = {Science},
    VOLUME = {297},
    NUMBER = {5579},
      YEAR = {2002},
     PAGES = {218--222},
       doi = {10.1126/science.1072708},
}


@article {ZweckHuybrechts,
    AUTHOR = {Chris Zweck and Philippe Huybrechts},
     TITLE = {Modeling of the northern hemisphere ice sheets during the last
              glacial cycle and glaciological sensitivity},
      YEAR = {2005},
   JOURNAL = {J. Geophysical Research},
    VOLUME = {110},
    NOTE = {D07103, doi:10.1029/2004JD005489},
}


@article {Zwingeretal07,
    AUTHOR = {Thomas Zwinger and Ralf Greve and Olivier Gagliardini and
              Takayuki Shiraiwa and Mikko Lyly},
     TITLE = {A full {S}tokes-flow thermo-mechanical model for firn and ice
              applied to the {G}orshkov crater glacier, {K}amchatka},
      YEAR = {2007},
   JOURNAL = {Ann. Glaciol.},
    VOLUME = {45},
    NUMBER = {1},
     PAGES = {29--37},
}


@Article{deFleurianetal2014,
AUTHOR = {de Fleurian, B. and Gagliardini, O. and Zwinger, T. and Durand, G. and Le Meur, E. and Mair, D. and R{\aa}back, P.},
TITLE = {A double continuum hydrological model for glacier applications},
JOURNAL = {The Cryosphere},
VOLUME = {8},
YEAR = {2014},
NUMBER = {1},
PAGES = {137--153},
URL = {https://www.the-cryosphere.net/8/137/2014/},
DOI = {10.5194/tc-8-137-2014}
}


@article{denOuden2010,
   AUTHOR = {den Ouden, M. A. G. and Reijmer, C. H. and Pohjola, V. and
             van de Wal, R. S. W. and Oerlemans, J. and Boot, W.},
    TITLE = {Stand-alone single-frequency {GPS} ice velocity observations
             on {N}ordenski\"oldbreen, {S}valbard},
  JOURNAL = {The Cryosphere},
   VOLUME = {4},
     YEAR = {2010},
   NUMBER = {4},
    PAGES = {593--604},
      URL = {https://www.the-cryosphere.net/4/593/2010/},
      DOI = {10.5194/tc-4-593-2010},
}


@unpublished {massbalanceglossary,
    AUTHOR = {G. Cogley and others},
     TITLE = {Glossary of {M}ass-{B}alance and {R}elated {T}erms},
      NOTE = {IACS Working Group on Mass-balance Terminology and Methods, Draft 3, 10 July},
       URL = {http://unesdoc.unesco.org/images/0019/001925/192525e.pdf},
      YEAR = {2009},
}


@InProceedings{petsc-efficient,
    Author     = "Satish Balay and William D. Gropp and Lois Curfman McInnes and Barry F. Smith",
   Title          = "Efficient Management of Parallelism in Object Oriented Numerical Software Libraries",
    Booktitle  = "Modern Software Tools in Scientific Computing",
    Editor       = "E. Arge and A. M. Bruaset and H. P. Langtangen",
    Pages       = "163--202",
    Publisher = "Birkh{\"{a}}user Press",
    Year           = "1997",
}


@TechReport{petsc-user-ref,
    Author     = "S. Balay and others",
   Title       = "{PETS}c {U}sers {M}anual",
   Number      = "ANL-95/11 - Revision 3.5",
   Institution = "Argonne National Laboratory",
   Year        = "2014",
}


@Misc{petsc-web-page,
  Author    = "{PETSc web page}",
   URL     = "https://www.mcs.anl.gov/petsc/",
   Year     = "2008",
}


@unpublished{pism-installation-manual,
   Title    = {{PISM}, a {P}arallel {I}ce {S}heet {M}odel: {I}nstallation {M}anual},
  Author    = {{PISM authors}},
    Url     = "http://www.pism-docs.org",
   Year     = "2013",
   Note     = {},
}


@unpublished{pism-user-manual,
   Title    = {{PISM}, a {P}arallel {I}ce {S}heet {M}odel: {U}ser's {M}anual},
  Author    = {{PISM authors}},
   Url      = "http://www.pism-docs.org",
   Year     = "2013",
   NOTE     = {}
}


@Misc{pism-web-page,
  Author    = {{PISM authors}},
  title     = {{PISM}, a {P}arallel {I}ce {S}heet {M}odel},
   Url      = {http://www.pism-docs.org},
   Year     = {2013},
}


@Misc{scipy,
  author =    {Eric Jones and Travis Oliphant and Pearu Peterson and others},
  title =     {{SciPy}: Open source scientific tools for {Python}},
  year =      {2001--},
  url  = {https://www.scipy.org/}
}


@misc{siple-web-page,
  author    = {David Maxwell},
  title     = {{\tt siple}, a small inverse problems library},
    url     = {https://github.com/damaxwell/siple},
   year     = {2011},
}


@techreport{tao-user-ref,
  author =       "Todd Munson and Jason Sarich and Stefan Wild and
                  Steven Benson and Lois Curfman McInnes",
  title =        "TAO 2.0 Users Manual",
  year =         "2012",
  institution =  "Mathematics and Computer Science Division, Argonne  National Laboratory",
  number =       "ANL/MCS-TM-322",
  url    =       "https://www.mcs.anl.gov/research/projects/tao/",
}


@article{vanPeltOerlemans2012,
author = {W. J. J. van Pelt and J. Oerlemans},
title = {Numerical simulations of cyclic behaviour in the Parallel Ice Sheet Model (PISM)},
year = {2012},
journal = {Journal of Glaciology},
volume = {58},
number = {208},
doi = {10.3189/2012JoG11J217},
url = {https://www.igsoc.org/journal/58/208/t11J217.pdf},
pages = {347--360},
}


@article{vanPeltetal,
AUTHOR = {van Pelt, W. and Oerlemans, J. and Reijmer, C. and Pohjola, V.
          and Pettersson, R. and van Angelen, J. H.},
TITLE = {Simulating melt, runoff and refreezing on {N}ordenski\"oldbreen,
           {S}valbard, using a coupled snow and energy balance model},
JOURNAL = {The Cryosphere},
VOLUME = {6},
YEAR = {2012},
NUMBER = {3},
PAGES = {641--659},
URL = {https://www.the-cryosphere.net/6/641/2012/},
DOI = {10.5194/tc-6-641-2012}
}


@Article{vanPeltetal2013,
AUTHOR = {van Pelt, W. J. J. and Oerlemans, J. and Reijmer, C. H. and Pettersson, R. and Pohjola, V. A. and Isaksson, E. and Divine, D.},
TITLE = {An iterative inverse method to estimate basal topography and initialize ice flow models},
JOURNAL = {The Cryosphere},
VOLUME = {7},
YEAR = {2013},
NUMBER = {3},
PAGES = {987--1006},
DOI = {10.5194/tc-7-987-2013}
}


@phdthesis{vanPeltthesis,
  author       = {van Pelt, W.},
  title        = {Modelling the dynamics and boundary processes of {S}valbard
                  glaciers},
  school       = {Institute for Marine and Atmospheric Research Utrecht (IMAU)},
  year         = 2013,
  address      = {The Netherlands},
}


@article{vandeWal2008,
author = {van de Wal, R. S. W. and Boot, W. and van den Broeke, M. R. and Smeets, C. J. P. P. and Reijmer, C. H. and Donker, J. J. A. and Oerlemans, J.},
title = {Large and Rapid Melt-Induced Velocity Changes in the Ablation Zone of the {G}reenland Ice Sheet},
volume = {321},
number = {5885},
pages = {111-113},
year = {2008},
doi = {10.1126/science.1158540},
journal = {Science},
}


@article{vandenBroeke2009,
author = {van den Broeke, M. R. and Bamber, J. L. and Ettema, J. and Rignot, E. and Schrama, E. and van de Berg, W. J. and van Meijgaard, E. and Velicogna, I. and Wouters, B.},
doi = {10.1126/science.1178176},
journal = {Science},
number = {5955},
pages = {984--986},
pmid = {19965509},
title = {{Partitioning recent Greenland mass loss}},
volume = {326},
year = {2009}
}


@book{vanderVeen,
    AUTHOR = {C. J. van der Veen},
     TITLE = {Fundamentals of {G}lacier {D}ynamics},
    EDITION = {2nd},
 PUBLISHER = {CRC Press},
      YEAR = {2013},
}


@unpublished{vanderVeen83,
    AUTHOR = {C. J. van der Veen},
     TITLE = {A note on the equilibrium profile of a free floating ice shelf},
      NOTE = {{IMAU} Report V83-15. State University Utrecht, Utrecht},
      YEAR = {1983},
     PAGES = {257--267},
}

@article {vanderVeen85,
    AUTHOR = {C. J. van der Veen},
     TITLE = {Response of a marine ice sheet to changes at the grounding line},
   JOURNAL = {Quat. Res.},
    VOLUME = {24},
      YEAR = {1985},
     PAGES = {257--267},
}

@article {vanderVeenEval99,
    AUTHOR = {C. J. van der Veen},
     TITLE = {Evaluating the performance of cryospheric models},
   JOURNAL = {Polar Geography},
    VOLUME = {23},
    NUMBER = {2},
      YEAR = {1999},
     PAGES = {83--96},
}

@inproceedings {vanderVeenPayne,
    AUTHOR = {C. J. van der Veen and A. J. Payne},
     TITLE = {Modelling land-ice dynamics},
  editor   = {J. L. Bamber and A. J. Payne},
 BOOKTITLE = {Mass {B}alance of the {C}ryosphere: {O}bservations and {M}odelling of
              {C}ontemporary and {F}uture {C}hanges},
 PUBLISHER = {Cambridge University Press},
     PAGES = {169--225},
      YEAR = {2004},
}

@article {vanderVeenWhillans1996,
    AUTHOR = {C. J. van der Veen and I. M. Whillans},
     TITLE = {Model experiments on the evolution and stability of ice streams},
   JOURNAL = {Ann. Glaciol.},
    VOLUME = {23},
      YEAR = {1996},
     PAGES = {129--137},
}

@article {vanderVeenetal2001precip,
    AUTHOR = {C. J. van der Veen and D. H. Bromwich and B. Csatho and C. Kim},
     TITLE = {Trend analysis of {G}reenland precipitation},
   JOURNAL = {J. Geophys. Res.},
    VOLUME = {106},
    NUMBER = {D24},
      YEAR = {2001},
     PAGES = {33909--33918},
}

@article{vanderWeletal2013,
author = {N. van der Wel and P. Christoffersen and M. Bougamont},
title = {The influence of subglacial hydrology on the flow of {K}amb {I}ce {S}tream, {W}est {A}ntarctica},
journal = {J. Geophys. Res.: Earth Surface},
volume = {118},
pages = {1-14},
year = {2013},
doi = {10.1029/2012JF002570},
}
