@article{Dukowiczetal2010,
    author = {Dukowicz, John K. and Price, Stephen F. and Lipscomb, William H.},
    title = {Consistent approximations and boundary conditions for ice-sheet dynamics from a principle of least action},
    year = {2010},
    journal = {Journal of Glaciology},
    volume = {56},
    number = {197},
    pages = {480--496},
    publisher = {International Glaciological Society},
    doi = {10.3189/002214310792447851},
}

@book{GreveBlatter2009,
    AUTHOR = {R. Greve and H. Blatter},
     TITLE = {Dynamics of {I}ce {S}heets and {G}laciers},
    SERIES = {Advances in Geophysical and Environmental
              Mechanics and Mathematics},
 PUBLISHER = {Springer},
      YEAR = {2009},
}

@article {SchoofStream,
    AUTHOR = {Schoof, C.},
     TITLE = {A variational approach to ice stream flow},
   JOURNAL = {J. Fluid Mech.},
  FJOURNAL = {Journal of Fluid Mechanics},
    VOLUME = {556},
      YEAR = {2006},
     PAGES = {227--251},
}

@article {SchoofHindmarsh,
    AUTHOR = {Schoof, C. and Hindmarsh, R.},
     TITLE = {Thin-film flows with wall slip: an asymptotic analysis 
              of higher order glacier flow models},
   JOURNAL = {Quart. J. Mech. Appl. Math.},
      YEAR = {2010},
    VOLUME = {63},
    NUMBER = {1},
     PAGES = {73--114},
       DOI = {10.1093/qjmam/hbp025},
}

@Unpublished{KhroulevBueler2013,
  author =       {Constantine Khroulev and Ed Bueler},
  title =        {Calving front stress boundary condition},
  note =         {See \texttt{src/base/stressbalance/ssa/doc/ssafd_cfbc_notes.tex} in the PISM source code tree.},
  year =         {2013},
}

